1941 2674
528 84 612 116 200
1012 71 1093 113 DE
1122 69 1286 114 POMO

517 192 595 241 cis,
631 194 816 242 quantum
849 187 1019 239 constat,
1055 188 1140 228 satis
1175 186 1379 240 explorata
1408 185 1504 226 sunt.
1571 186 1656 227 Nisi
1676 195 1804 229 tamen

519 263 623 292 totus
655 251 789 300 fallor,
824 263 867 289 eu
901 251 998 291 mihi
1031 251 1174 291 obtulit
1210 251 1351 303 partim
1389 250 1565 289 industria
1604 251 1642 289 in
1675 251 1806 290 obser-

523 317 674 365 uando,
724 314 865 366 partim
906 312 1085 365 sagacitas
1117 315 1157 352 in
1189 313 1554 365 experimentando.
1621 314 1804 365 Agedum

521 377 669 430 itaque!
728 376 954 426 videamus,
1013 376 1103 428 quid
1154 376 1280 415 valeat
1330 374 1479 415 theoria
1521 377 1806 428 vegetationis,

523 440 746 494 praesertim
783 438 992 489 arborum,
1047 451 1162 491 quam
1203 438 1344 478 dudum
1385 438 1518 478 animo
1561 439 1723 491 concepi
1767 447 1808 479 et

524 504 670 543 iteratis
703 503 888 554 nouisque
922 501 1248 541 obieruationibus
1287 510 1397 554 atque
1439 502 1718 555 experimentis
1766 501 1807 542 in

525 567 606 607 dies
641 566 792 606 vberius
824 563 1058 604 confirmare
1090 564 1258 605 tinnitor.

641 688 783 734 Nullu's
816 692 939 746 itaque
975 692 1135 742 dubito,
1170 704 1335 743 pomum
1366 700 1514 744 praeter
1535 700 1691 731 naturae
1712 703 1811 731 con-

523 755 759 796 suetudinem
795 756 936 794 editum
971 769 991 794 a
1025 765 1160 794 trunco
1198 755 1376 807 prodiisse
1409 767 1429 793 e
1462 767 1620 807 gemma
1639 755 1812 807 grauida,

527 831 622 872 quae
656 820 708 858 A.
738 831 851 867 1732
896 817 1064 871 protruiii
1100 829 1223 856 verno
1267 828 1446 870 tempore
1487 818 1538 857 A.
1574 828 1686 867 1733
1733 818 1812 857 flo-

526 893 586 920 res
620 892 659 920 et
691 881 784 920 folia
816 882 962 932 genuit.
1029 880 1185 920 Etenim
1223 892 1270 918 ne
1303 879 1442 921 fruetus
1459 881 1656 931 arborum,
1688 881 1811 920 veluti

527 944 654 993 mala,
690 943 887 982 nascantur
921 944 996 983 fine
1040 942 1200 981 floribus
1245 943 1310 981 lex
1351 953 1505 982 naturae
1548 944 1645 983 adeo
1689 942 1811 983 saneta

527 1006 702 1055 videtur,
741 1015 806 1057 vt,
842 1018 932 1044 cum
966 1017 1067 1044 anno
1102 1005 1311 1055 praeterito
1349 1005 1448 1044 mala
1472 1006 1579 1056 plura
1601 1005 1811 1046 monstrosa

527 1068 782 1121 bimi-porea,
826 1068 976 1108 nonnisi
1010 1078 1089 1106 vno
1123 1066 1299 1120 pediculo
1349 1067 1549 1117 instructa,
1594 1068 1813 1119 deprehen-
1859 1097 1862 1100 -

526 1133 687 1182 desem,
721 1132 759 1171 in
793 1131 943 1182 singuiis
976 1141 1106 1170 tumen
1139 1131 1291 1183 Vtrique
1324 1131 1431 1170 malo
1464 1130 1544 1169 suus
1575 1129 1687 1169 fuerit
1723 1131 1813 1171 flos.

526 1195 718 1247 Equidem
752 1206 830 1233 non
866 1195 1004 1246 ignoro
1040 1192 1185 1232 malum
1220 1206 1291 1245 per
1323 1194 1570 1246 quadraginta
1610 1193 1816 1233 continuos

530 1270 652 1298 annos
696 1257 912 1296 minist-mm
958 1257 1094 1308 absque
1150 1255 1331 1306 floribus,
1374 1269 1489 1309 quam
1532 1258 1570 1294 in
1608 1256 1729 1296 literis
1764 1257 1811 1296 ad

531 1318 595 1360 Cl.
632 1320 796 1360 Iurlnmn
828 1320 925 1359 datis
956 1328 995 1358 et
1036 1320 1074 1358 in
1120 1318 1230 1357 Actis
1279 1318 1556 1372 philosophicis
1608 1319 1815 1360 societatis

529 1383 679 1436 Regiae
730 1382 980 1423 Londinenfis
1034 1381 1172 1434 pagina
1214 1394 1314 1431 199.
1366 1383 1507 1436 publici
1564 1384 1655 1424 iuris
1707 1381 1815 1423 fac‘tis

532 1446 708 1488 describit
751 1444 885 1486 Paulus
920 1444 1122 1498 thdleju53
1185 1456 1229 1484 ea
1274 1455 1429 1497 tamen,
1486 1445 1513 1486 fi
1557 1459 1640 1487 rem
1688 1455 1815 1486 atten-

532 1510 604 1549 tius
637 1509 870 1559 confideres,
912 1510 1078 1549 minime
1120 1507 1255 1561 probat
1299 1509 1427 1561 legem
1469 1509 1578 1549 istam
1618 1522 1639 1549 a
1682 1518 1836 1549 natura-

532 1572 641 1613 fuisse
674 1573 877 1612 violatam.
946 1570 1049 1612 Cum
1083 1570 1192 1623 sapor
1237 1571 1433 1611 malorum
1473 1572 1584 1612 fuerit
1623 1572 1815 1624 immitis,

532 1634 737 1676 manifesto
770 1635 939 1685 indicio,
972 1635 1073 1687 quod
1103 1635 1225 1673 succus
1258 1635 1435 1674 nutritius
1470 1636 1569 1674 vitio
1598 1634 1820 1687 digestionis

531 1698 653 1738 nimis
685 1697 811 1738 adhuc
844 1699 978 1738 crudus
1010 1696 1146 1747 fuerit,
1179 1706 1220 1736 vt
1253 1710 1320 1752 per
1351 1697 1469 1737 exilia
1501 1697 1676 1750 vascula,
1719 1709 1816 1749 quae

532 1773 625 1801 eum
657 1759 760 1800 foliis
793 1761 936 1801 florum
977 1759 1194 1810 aduehunt‚
1244 1760 1445 1800 ascendere
1480 1761 1646 1801 minime
1676 1770 1818 1814 potue-

533 1824 609 1876 rit·,
644 1835 724 1862 non
755 1832 835 1863 tam
878 1823 1073 1864 malorum
1115 1823 1342 1864 rudimentis
1384 1824 1422 1863 in
1474 1825 1643 1876 gemmis
1692 1823 1817 1863 adhuc

535 1886 739 1928 latentibus
771 1887 896 1940 prima
928 1887 1112 1927 foliorum
1150 1886 1307 1927 stamina
1339 1887 1508 1938 defuisse,
1560 1899 1675 1940 quarn
1717 1886 1817 1926 defi-

534 1949 661 1989 ciente
693 1948 805 1989 sncco
836 1951 997 1990 nutritio
1030 1962 1110 1989 non
1143 1949 1334 2004 explicata
1354 1948 1460 1990 fuisse
1480 1951 1667 1991 videntur.
1702 1950 1818 1989 Prae<

536 2021 639 2052 terea
672 2025 745 2066 pro
777 2013 981 2067 explorato
1012 2012 1165 2067 habeo,
1206 2013 1343 2067 absque
1373 2012 1561 2054 foliorum
1602 2012 1816 2055 ministerio

1768 2076 1815 2118 ad
