1941 2674
526 84 613 130 ³76
905 76 991 119 DE
1029 72 1200 120 NVMO
1235 75 1421 120 arf-sar

456 208 460 212 ·
521 195 686 247 phaeum
728 193 764 233 in
807 190 1064 247 Sophanene,
1116 193 1274 235 CCXL.
1321 204 1380 234 aut
1422 192 1544 236 CCC.
1583 196 1628 236 ab
1663 197 1813 238 Amida

521 258 662 305 stadiis,
699 258 744 297 ad
775 256 1054 310 Martyropolin
1088 271 1108 297 a
1141 259 1327 311 Procopio
1363 256 1584 298 Caesariensi
1617 263 1672 308 (u)
1707 263 1816 313 prodi

522 322 839 368 animaduertens,
876 321 1128 360 Ammianum
1164 321 1236 361 hoc
1268 323 1304 359 in
1339 323 1494 361 nomine
1526 321 1715 363 offendisse
1746 337 1812 364 au—

525 393 657 422 tumat.
747 381 791 421 In
826 384 1041 423 Ammiano
1075 393 1199 423 antem
1238 384 1336 423 nulla
1371 393 1469 423 tanta
1501 384 1568 423 filit
1600 387 1812 437 oscitantia,

527 456 600 494 vt,
652 458 738 485 cum
776 447 965 486 Amidam
999 456 1127 486 contra
1163 447 1280 486 Persas
1313 448 1570 499 propugnasset
1593 478 1603 497 ,
1657 462 1813 488 amnem

526 510 687 561 aliquem
720 510 764 548 ad
797 509 951 548 boream
984 510 1058 549 labi
1091 520 1131 549 et
1160 510 1437 562 Nymphaeum
1471 511 1516 549 ab
1548 511 1678 554 i‘ncolis
1708 514 1816 551 voci-

527 574 595 612 tari
628 573 829 624 ignoraret:
866 584 981 625 neque
1008 586 1029 612 a
1056 572 1162 612 nobis
1196 574 1392 626 Procopius
1424 573 1604 625 postulat,
1639 585 1681 615 vt
1712 575 1815 614 aliter

528 636 728 675 statuamus
749 666 758 684 ‚
812 647 925 687 quam
960 636 1187 675 Ammianus
1220 637 1428 677 memoriae
1463 637 1637 689 prodidit.
1735 637 1817 692 Ipse

530 698 594 739 ille
627 698 758 738 Pifides
791 698 983 738 Diaconus
1015 700 1218 739 Ammiani
1249 699 1367 739 fidem
1402 698 1576 740 suffulcit:

679 782 761 840 Kod
793 783 861 827 τὸν
894 784 1077 842 μέγιςσν
1102 783 1354 840 ἑκτσεεάσας
1390 783 1595 842 Νυμφίον

683 860 783 906 Οςις
817 854 1032 912 ΤὶγᾱηἾσς
1068 858 1154 907 ταῖς
1187 857 1284 915 ῥοαῖς
1315 855 1528 913 ε”ωἰέἑςέων

681 927 973 983 Awoffegamf
1010 942 1066 970 πε
1102 928 1299 985 καλᾶιθοᾳ
1330 926 1546 984 Νυμφίας.

756 1014 817 1057 Et
852 1016 1051 1055 maximum
1081 1017 1231 1059 traiecit
1263 1015 1515 1070 Nymphium,

747 1086 827 1149 Qui
859 1083 1032 1138 Tigridis
1056 1086 1233 1140 fluc‘libus
1265 1088 1404 1141 influit,

755 1157 901 1201 Alicubz·
934 1169 1024 1199 vero
1059 1170 1125 1199 non
1160 1160 1295 1200 dicitur
1325 1158 1550 1215 Nymphius.

540 1255 647 1307 Ergo
677 1249 899 1303 Nymphius
925 1261 946 1288 a
975 1247 1233 1302 Martyropoli
1265 1249 1452 1290 orientem
1488 1249 1606 1290 versus
1631 1249 1670 1290 in
1695 1250 1824 1304 Tigri-

537 1319 628 1358 dem
660 1315 859 1360 ferebatur,
892 1312 939 1352 ad
965 1324 1076 1365 quem
1104 1312 1260 1353 fluuium
1289 1323 1368 1352 erat
1395 1314 1551 1354 Amida.
1614 1312 1689 1356 Sed
1716 1315 1824 1367 quid-

535 1381 624 1434 quid
663 1375 896 1419 dubitationis
926 1374 1099 1429 superesse
1140 1376 1264 1429 potuit
1283 1406 1294 1426 ‚
1347 1385 1472 1416 totum
1506 1376 1582 1416 hoc
1616 1377 1662 1417 de
1693 1378 1824 1418 medio

538 1442 674 1483 sustulit
706 1438 963 1480 nitidissimum
996 1437 1124 1478 Iacobi
1155 1435 1264 1478 Golii
1298 1439 1487 1492 ingenium
1521 1441 1607 1488 (x),
1652 1451 1739 1480 cum
1771 1452 1823 1482 ex

537 1505 723 1548 Abulseda
755 1502 937 1551 ostendit,
984 1502 1120 1551 &³2sz
1152 1501 1362 1557 Bafilinsa‚
1407 1515 1526 1555 prope
1558 1499 1824 1558 Meyafareki-

537 1582 622 1610 num
654 1568 765 1616 oriri,
798 1575 904 1618 atque
931 1566 968 1604 in
992 1566 1144 1619 Tigrim
1171 1564 1243 1604 labi
1269 1565 1408 1605 duobus
1435 1567 1537 1619 supra
1564 1563 1690 1607 Ticrit
1716 1567 1822 1619 (quae

539 1631 812 1684 Martyropolis
839 1628 1027 1681 quondam
1056 1630 1139 1674 fuit)
1169 1628 1388 1681 parasangis:
1425 1642 1475 1669 ex
1503 1630 1669 1669 nominis
1695 1639 1822 1669 autem

537 1694 792 1736 conuenientia
824 1692 1033 1741 concludit,
1066 1692 1175 1731 illum
1203 1691 1321 1743 ipsum
1349 1701 1517 1731 veterem
1545 1691 1823 1745 Nymphaeum

540 1759 623 1799 effe.
681 1757 944 1816 Quapropter,
983 1755 1121 1808 inquit,
1155 1766 1234 1795 cum
1258 1756 1474 1795 intermedio
1498 1754 1570 1796 loco
1591 1756 1665 1809 fita
1679 1756 1734 1810 fit
1759 1753 1821 1797 A-

542 1823 665 1870 mida,
702 1832 768 1860 non
797 1818 906 1874 potest
935 1815 1014 1872 ipsa
1046 1832 1071 1859 a
1090 1818 1205 1872 fluuii
1236 1819 1334 1859 illius
1365 1816 1469 1858 alueo
1501 1818 1592 1859 adeo
1622 1818 1725 1870 longe
1756 1818 1827 1859 ab·

539 1883 618 1940 effa.
687 1882 840 1936 Spicae,
876 1894 960 1935 quas
994 1881 1112 1934 figura
1145 1881 1259 1921 vrbis.
1272 1882 1425 1922 dextera
1461 1890 1582 1931 tenet,
1615 1882 1824 1922 vbertatem

539 1949 616 2001 agri
647 1947 882 2000 pollicentur.
949 1945 1063 1985 Forte
1094 1944 1180 1984 inde
1213 1944 1329 1985 etiam
1357 1944 1500 1986 Amida
1530 1944 1692 1985 Arabice
1722 1944 1823 1985 dieta

1757 2006 1828 2047 fuit

683 2107 735 2143 (u)
761 2104 803 2132 De
829 2105 859 2133 Β.
880 2105 909 2133 P.
929 2113 957 2142 p.
975 2112 1022 2142 ²5·
1046 2113 1075 2134 et
1097 2106 1143 2134 62.
1223 2104 1284 2144 (x)
1304 2105 1350 2134 Ad
1373 2105 1579 2144 Aiphraganum
1602 2113 1629 2142 p.
1649 2112 1721 2142 ²4⁰-
