1941 2674
466 95 560 144 336
580 89 658 131 DE
694 84 1132 130 CIRCVLATIONE
1167 82 1487 127 SANGVINIS
1522 83 1649 125 CAP.
1684 85 1775 128 III.

458 207 684 258 attigimus,
720 204 790 243 vix
820 202 1001 256 speranda
1033 201 1075 242 sit
1101 200 1378 241 determinatio
1408 200 1552 240 virium
1589 203 1717 242 cordis
1755 215 1784 244 a>

462 269 606 322 priori:
640 280 689 307 eo
723 267 853 307 minus
883 262 1069 305 assensum
1105 264 1172 304 sibi
1206 263 1485 317 comparabunt
1515 263 1589 314 illi,
1622 265 1685 316 qui
1706 278 1779 317 pro

459 331 680 372 definienda
702 330 742 369 vi
771 330 899 369 cordis
915 359 926 380 ,
958 340 1074 380 quam
1093 327 1298 379 ignorant,
1322 327 1574 366 velocitatem
1596 325 1783 379 sanguinis

464 404 509 433 vt
540 395 671 433 datam
705 392 923 444 assumunt,
964 403 1080 443 quam
1115 400 1246 430 tamen
1283 389 1405 429 adhuc
1448 402 1629 442 quaerere
1665 390 1785 430 debe-

459 457 577 510 bant3
614 456 652 495 id
686 455 789 508 quod
823 468 844 494 a
880 454 1069 507 petitione
1107 453 1288 505 principii
1323 465 1459 505 parum
1492 451 1655 492 abludit.

576 522 608 569 ς.
649 532 692 568 4.
729 519 800 558 Per
833 517 1086 570 quantitatem
1122 525 1252 555 motus
1285 527 1415 555 autem
1447 527 1527 553 non
1562 514 1787 567 intelligen-

460 583 506 625 da
540 583 594 621 est
629 581 718 631 illa,
753 593 849 633 quae
881 580 1071 620 aestimari
1104 578 1200 618 solet
1232 590 1284 618 ex
1311 577 1453 628 mnffa,
1487 578 1703 630 quamlibet
1721 591 1786 618 ar-

459 645 581 685 teriae
615 645 826 684 sed'tionem
862 643 949 683 data
990 642 1200 681 velocitate
1235 643 1403 693 datoque
1446 650 1628 693 tempore
1661 651 1786 681 trans-

460 717 590 748 eunte.
656 706 734 747 Sed
768 706 998 746 considerari
1028 706 1143 744 debet
1182 715 1313 745 motus
1356 704 1474 743 totius
1515 702 1657 743 massae
1698 704 1787 744 san·-

461 772 651 822 guineae,
686 780 871 822 quatenus
901 770 940 808 in
975 769 1072 808 vasis
1111 767 1184 806 suis
1226 767 1408 808 omnibus
1450 766 1613 806 iunctim
1655 767 1786 807 sumtis

461 834 549 874 data
581 833 778 872 celeritate
810 832 1081 884 progreditur,
1132 831 1246 882 plane
1287 832 1346 869 vti
1389 829 1472 870 Cel.
1505 831 1655 870 larinus
1695 843 1783 870 rem

461 893 654 948 adgressus
694 895 760 934 est.
828 893 900 933 Illa
941 895 1046 932 enim
1090 893 1280 932 velocitas
1332 901 1481 932 tantum
1522 893 1680 932 relatiua
1726 893 1781 933 est

460 968 574 1010 atque
606 958 653 996 ab
685 956 756 996 hac
789 954 997 995 necessario
1030 955 1230 1006 dependet.
1301 955 1413 994 Vnde
1449 968 1528 994 non
1565 955 1701 995 sufficit
1720 956 1786 996 di-

458 1032 573 1071 cere,
606 1018 833 1059 velocitates
865 1016 940 1057 effe
971 1018 1011 1056 in
1047 1018 1196 1056 ratione
1231 1017 1444 1057 sestionum
1465 1018 1688 1070 reciproca,
1720 1017 1784 1060 sed

460 1082 722 1123 determinare
755 1090 916 1133 oportet
956 1092 1006 1120 ex
1048 1079 1132 1120 aliis
1166 1080 1390 1133 principiis,
1429 1091 1569 1133 quanta
1603 1081 1783 1121 alterutra

461 1154 502 1185 et
536 1145 733 1198 imprimis
764 1143 859 1183 haec
895 1143 1085 1196 posterior
1118 1142 1195 1181 effe
1227 1143 1377 1182 debeat.

576 1209 609 1257 ς.
645 1217 686 1256 5.
723 1207 869 1257 Porro,
901 1207 987 1259 quia
1037 1206 1225 1244 velocitas
1265 1205 1451 1258 fiinguinis
1489 1207 1590 1246 intra
1631 1206 1719 1247 vala
1761 1220 1784 1247 a

460 1272 675 1323 quantitate
711 1278 844 1309 motus
876 1268 1064 1321 sanguinis
1096 1279 1145 1307 ex
1180 1269 1297 1307 corde
1333 1270 1423 1308 dato
1468 1280 1646 1322 tempore
1688 1282 1784 1322 pro—

460 1333 677 1385 rumpentis
715 1332 925 1384 dependet:
973 1331 1085 1371 huius
1126 1332 1319 1383 portionis
1361 1332 1546 1372 velocitas
1591 1332 1782 1372 methodo

459 1394 640 1437 Kelliana
673 1396 799 1436 minus
831 1395 934 1434 reete
966 1405 1162 1446 tamquam
1186 1395 1249 1445 rel}
1267 1395 1388 1434 ec'tiua
1409 1395 1660 1435 determinari
1681 1395 1784 1435 mihi

458 1459 610 1499 videtur
631 1471 697 1511 per
716 1457 878 1511 spatium
893 1470 943 1497 ex
962 1458 1172 1509 quantitate
1192 1458 1282 1496 dato
1302 1467 1481 1510 tempore
1503 1468 1785 1511 prorumpente

459 1534 530 1575 per
547 1520 743 1561 orificium
765 1530 894 1560 :tortae
915 1521 1028 1560 diuilu
1049 1530 1193 1559 ortum
1213 1519 1316 1559 Haec
1337 1522 1441 1561 enim
1462 1521 1632 1560 absoluta
1655 1522 1784 1574 potius

458 1584 650 1624 velocitas
669 1581 772 1623 effer.
823 1583 956 1623 Multo
978 1583 1115 1622 melius
1134 1583 1274 1634 igitur,
1312 1596 1403 1623 meo
1424 1585 1582 1636 quidem
1609 1585 1782 1635 iudicio,

461 1646 544 1688 Cel.
564 1647 713 1688 larinus
731 1657 885 1688 motum
908 1647 1026 1686 totius
1045 1645 1233 1698 sanguinis
1251 1647 1523 1686 determinauit
1540 1659 1608 1700 per
1619 1645 1780 1687 massam

460 1710 655 1763 portionis
676 1723 750 1750 vna
769 1709 909 1760 systole
930 1709 1217 1762 prorumpentis
1232 1739 1242 1758 ‚
1282 1709 1435 1748 dudi-rim
1458 1709 1497 1748 in
1516 1710 1753 1750 celeritatem
1771 1740 1784 1761 ,

459 1784 532 1825 qua
564 1773 705 1812 eodem
739 1783 920 1824 tempore
953 1781 1076 1811 totam
1110 1771 1252 1811 canalis
1283 1771 1475 1824 sanguinei
1495 1773 1782 1825 longitudinem

461 1847 682 1888 percurrere
714 1835 850 1888 potest.
926 1835 1081 1890 Quippe
1124 1844 1255 1874 motus
1297 1835 1485 1887 sanguinis
1525 1835 1706 1875 naturalis
1739 1836 1781 1876 id

459 1898 644 1949 requirit,
680 1907 723 1938 vt
755 1911 833 1937 non
866 1897 990 1938 solum
1025 1899 1134 1938 vuica
1170 1899 1302 1950 portio
1336 1898 1508 1950 proiefta
1530 1911 1599 1951 per
1618 1899 1781 1951 spatium

462 1973 484 2001 a
504 1960 623 2002 Keilio
649 1962 861 2001 indicatum
892 1961 1182 2014 progrediatur·⁷
1216 1960 1275 2000 sed
1306 1971 1345 2000 et
1373 1970 1453 2000 tota
1480 1961 1595 2001 maffa
1631 1961 1785 2013 sangui-

463 2035 536 2065 nea
569 2024 711 2066 eodem
742 2033 924 2080 tempore
955 2025 996 2065 in
1026 2033 1184 2065 motum
1214 2025 1286 2066 ciri
1318 2033 1357 2064 et
1387 2037 1458 2079 per
1477 2022 1638 2079 spatium
1657 2023 1782 2065 fimile

1681 2097 1777 2144 pro-
