1941 2674
449 59 733 109 ORIGINES
767 61 1072 111 RVsschE.
1305 80 1394 123 435

114 179 297 222 cecidisse.
352 179 476 221 Habes
494 194 636 222 nomen
657 178 804 222 Gniuae
823 184 877 223 isti
898 185 973 225 Kio
990 185 1140 237 egregie
1158 188 1400 238 conueniens,

113 243 225 284 habes
247 245 531 297 expeditionem
553 243 1006 299 Constantinopolitanam
1026 248 1087 287 ΚΜ
1107 261 1154 287 cx
1176 251 1238 289 issa
1256 248 1401 290 Gniuae

111 308 159 347 ad
178 306 421 355 Danubium,
457 318 494 345 et
513 317 659 360 tempus
688 321 763 347 non
791 311 997 350 admodum
1025 311 1225 351 abhorrent,
1252 326 1300 353 ex
1327 316 1403 354 cius

107 369 297 418 flentem-a,
317 371 378 422 qui
394 370 448 408 A.
462 367 630 420 C.401.
653 370 767 410 Kiurn
790 374 924 413 edidit:
962 386 1048 413 nam
1071 372 1186 414 Cniua
1207 388 1291 415 ante
1309 390 1398 417 eum

107 433 216 472 annis
232 442 382 472 centum
404 433 468 471 suit
487 443 526 471 et
544 435 811 486 quinquaginta.
847 435 1103 476 &rodominus
1122 438 1166 484 (l)
1188 449 1224 477 et
1245 469 1253 477 .
1292 468 1303 478 .
1339 470 1346 477 .
1386 469 1396 478 .

109 494 251 537 Peffina
280 496 349 544 (m)
385 497 429 535 ad
464 497 516 536 A.
546 494 593 535 C.
630 502 734 545 855.
770 497 927 537 scribunt
957 500 1173 541 Radiblaum
1203 501 1399 542 Mmauiae

106 570 240 611 regem
259 572 347 599 cum
368 559 547 598 Poloniae
567 560 783 613 Ruffiaequc
807 562 955 601 ducibus
983 564 1108 602 foedus
1136 565 1262 604 iniisse.
1331 565 1399 606 Est

106 622 243 662 deinde
260 623 358 676 apud
373 621 654 663 Stredou>kium
677 626 861 664 memoria
888 630 944 672 (n)
964 624 1145 665 Scrnouiti
1165 637 1203 666 et
1222 626 1399 679 Bogarini

107 685 247 725 ducum
268 686 414 728 Ruffiae
433 687 474 724 iis
494 687 567 725 scre
597 687 838 739 temporibus.
907 688 1062 727 Videtur
1082 699 1205 729 autem
1227 690 1290 729 ille
1311 691 1398 731 Pre-

107 749 275 790 misnam
304 761 434 790 eorum
465 748 589 788 sedem
621 750 804 799 indicate,
841 759 882 789 vt
901 752 944 789 ad
965 750 1141 790 Kiouiam
1172 752 1263 791 nihil
1283 755 1399 805 perti-

107 822 234 852 neant.
300 812 435 865 Neque
455 824 550 863 eg0‚
584 812 610 851 ss
628 816 688 864 qui
709 812 765 850 hi>
784 813 998 852 nominibus
1016 815 1114 852 fuere
1127 844 1137 861 ‚
1170 815 1280 853 duces
1299 816 1399 855 fuisse

104 875 369 916 concesserim:
390 873 556 927 Supanos
575 874 1006 926 magis,aut1<niafios‚et
1023 876 1173 916 vrbium
1195 877 1401 929 praefee'tos

105 937 207 979 fuisse
227 938 393 978 credam.
447 937 622 977 Kiouiam
643 949 734 975 vero
753 947 794 975 vt
811 939 999 989 antiquam
1021 938 1173 988 censeo,
1208 941 1256 978 ita
1277 953 1295 979 a
1316 942 1399 993 qui-

105 1000 170 1041 bus
188 1001 336 1040 condita
360 999 427 1047 fit,
461 1001 633 1051 ignorare
654 999 785 1039 malim
804 1029 814 1048 ‚
833 1013 943 1052 quam
963 1001 1095 1053 decipi.
1131 1001 1217 1041 Hoc
1238 1003 1397 1055 denique

107 1064 242 1111 video,
263 1073 346 1103 ante
365 1063 547 1105 Ruricum
569 1063 606 1101 in
625 1075 756 1101 eorum
778 1074 905 1115 regum
928 1064 1108 1116 potestate
1126 1064 1226 1104 misse
1246 1066 1394 1116 vrbem,

103 1128 166 1179 qui
185 1127 221 1165 in
249 1126 376 1168 Ruffia
405 1135 604 1178 regnarunt
621 1136 718 1165 tanta
740 1127 904 1178 potentia
918 1156 927 1174 ,
962 1136 1002 1164 vt
1020 1139 1108 1166 cum
1129 1128 1171 1167 iis
1189 1130 1398 1180 comparati

103 1188 211 1231 Piasti
233 1189 367 1229 Poloni
388 1189 510 1228 multo
528 1189 662 1228 fuerint
680 1189 879 1228 interiores.
943 1188 1030 1228 Hoc
1061 1189 1155 1229 mihi
1184 1191 1302 1230 suadet
1322 1204 1394 1231 no-

104 1264 196 1294 men
215 1252 415 1293 Ruffomm
436 1251 688 1292 Kiouiensibus
707 1251 882 1291 tributum
898 1281 909 1299 ,
941 1265 1027 1291 cum
1048 1253 1085 1290 in
1104 1253 1284 1305 potestate
1305 1255 1394 1295 Ru-

104 1316 172 1358 rici
199 1316 370 1355 nondum
402 1314 536 1363 estent,
570 1314 645 1354 hoc
665 1314 786 1353 Photii
805 1314 1035 1354 patriarchae
1064 1316 1320 1356 testimonium
1347 1318 1394 1357 de

104 1377 308 1421 Rufforum
328 1387 413 1417 ante
433 1378 615 1418 Ruricum
645 1378 824 1417 maximis
850 1377 956 1417 rebus
982 1378 1111 1431 gestis,
1144 1378 1218 1419 hoc
1235 1380 1392 1434 denique

103 1441 271 1485 Annales
296 1439 502 1482 Bertiniani
529 1453 593 1482 me
623 1442 772 1480 docent.

219 1539 354 1591 Aeque
370 1538 508 1578 incerta
527 1538 624 1577 fama
642 1537 687 1576 de
698 1536 938 1588 Nouogrodii
957 1535 1053 1576 vrbis
1069 1537 1224 1590 origine.
1263 1536 1390 1579 Chro-

101 1600 315 1655 nographus
332 1603 369 1641 in
388 1599 566 1653 Synopsiz
604 1598 778 1651 Pestilenti
803 1600 926 1640 morbo
952 1606 1067 1639 totam
1091 1599 1306 1641 Slauoniam
1329 1604 1390 1643 in-

98 1666 282 1714 vadente,
310 1671 355 1704 vt
372 1666 443 1705 vix
449 1660 691 1718 supeioeffent,
719 1665 781 1717 qui
805 1670 963 1704 mortuos
977 1660 1197 1717 sepelirent,
1221 1664 1390 1719 plerique

100 1727 334 1785 confugerunt
354 1729 392 1768 in
410 1722 561 1767 &Ennia
584 1758 591 1766 .
626 1758 633 1766 .
666 1758 673 1766 .
704 1758 711 1766 .
731 1738 823 1766 nunc
839 1725 1029 1767 Bielozero
1049 1733 1116 1766 aut
1132 1739 1276 1766 muxoe
1294 1739 1390 1768 eso-

101 1805 162 1851 po
177 1787 258 1845 sese
285 1797 502 1845 receperunt
520 1797 556 1830 et
572 1789 667 1831 Wes
683 1785 924 1842 vocatisunt:
957 1789 1024 1830 alii
1044 1791 1156 1830 etiam
1174 1792 1211 1830 in
1228 1792 1390 1843 regiones

101 1852 252 1911 disperfi
262 1884 273 1904 ‚
293 1856 487 1907 variisque
505 1853 702 1894 nominibus
718 1849 830 1893 dieii:
864 1853 931 1892 alii
947 1854 1067 1893 etiam
1086 1852 1141 1892 ad
1155 1850 1386 1905 Danubium,

99 1917 262 1967 vetustas
274 1913 385 1970 sedes
399 1914 513 1970 suas,
533 1915 784 1971 confliget-unt:
820 1914 1017 1956 Slovenesk
1038 1922 1075 1956 et
1099 1916 1177 1958 Rus
1197 1915 1388 1963 (Slauonia

669 1978 748 2019 Iii
791 1989 813 2016 2
1347 1988 1386 2020 et

99 2096 157 2140 (n)
179 2099 218 2130 ΙΙ.
239 2099 268 2132 ⁸.
288 2109 317 2142 p.
335 2109 402 2138 231.
425 2102 490 2132 item
508 2110 532 2132 c.
552 2110 599 2132 xx.
