<?xml version="1.0" encoding="UTF-8"?>
<!DOCTYPE html PUBLIC "-//W3C//DTD XHTML 1.0 Transitional//EN"
    "http://www.w3.org/TR/xhtml1/DTD/xhtml1-transitional.dtd">
<html xmlns="http://www.w3.org/1999/xhtml" xml:lang="en" lang="en">
 <head>
  <title>
</title>
<meta http-equiv="Content-Type" content="text/html;charset=utf-8" />
  <meta name='ocr-system' content='tesseract 3.04.00' />
  <meta name='ocr-capabilities' content='ocr_page ocr_carea ocr_par ocr_line ocrx_word'/>
</head>
<body>
  <div class='ocr_page' id='page_1' title='image "./commentariiacade08impe_0146.png"; bbox 0 0 1941 2674; ppageno 0'>
   <div class='ocr_carea' id='block_1_1' title="bbox 510 125 1785 190">
    <p class='ocr_par' dir='ltr' id='par_1_1' title="bbox 510 125 1785 190">
     <span class='ocr_line' id='line_1_1' title="bbox 510 125 1785 190; baseline 0.002 -20"><span class='ocrx_word' id='word_1_1' title='bbox 510 141 593 170; x_wconf 79' lang='lat'>122</span> <span class='ocrx_word' id='word_1_2' title='bbox 628 129 707 170; x_wconf 90' lang='lat' dir='ltr'>DE</span> <span class='ocrx_word' id='word_1_3' title='bbox 741 126 985 172; x_wconf 86' lang='lat' dir='ltr'><strong><em>LEGIBVS</em></strong></span> <span class='ocrx_word' id='word_1_4' title='bbox 1015 125 1374 190; x_wconf 74' lang='lat' dir='ltr'><em>QVIBVSDAM</em></span> <span class='ocrx_word' id='word_1_5' title='bbox 1408 125 1785 172; x_wconf 87' lang='lat' dir='ltr'><strong><em>MECHANICIS</em></strong></span> 
     </span>
    </p>
   </div>
   <div class='ocr_carea' id='block_1_2' title="bbox 503 242 1794 360">
    <p class='ocr_par' dir='ltr' id='par_1_2' title="bbox 503 242 1794 360">
     <span class='ocr_line' id='line_1_2' title="bbox 503 242 1794 299; baseline -0.001 -13"><span class='ocrx_word' id='word_1_6' title='bbox 503 253 677 286; x_wconf 71' lang='lat' dir='ltr'>accurate</span> <span class='ocrx_word' id='word_1_7' title='bbox 708 245 963 286; x_wconf 85' lang='lat' dir='ltr'>determinari</span> <span class='ocrx_word' id='word_1_8' title='bbox 994 254 1211 299; x_wconf 81' lang='lat' dir='ltr'>nequeant,</span> <span class='ocrx_word' id='word_1_9' title='bbox 1253 256 1327 298; x_wconf 86' lang='lat' dir='ltr'>qua</span> <span class='ocrx_word' id='word_1_10' title='bbox 1366 244 1415 286; x_wconf 87' lang='lat' dir='ltr'>de</span> <span class='ocrx_word' id='word_1_11' title='bbox 1447 255 1489 283; x_wconf 87' lang='lat' dir='ltr'>re</span> <span class='ocrx_word' id='word_1_12' title='bbox 1522 243 1564 283; x_wconf 86' lang='lat' dir='ltr'>in</span> <span class='ocrx_word' id='word_1_13' title='bbox 1603 242 1794 297; x_wconf 74' lang='lat' dir='ltr'>sequenti·</span> 
     </span>
     <span class='ocr_line' id='line_1_3' title="bbox 504 306 917 360; baseline -0.005 -11"><span class='ocrx_word' id='word_1_14' title='bbox 504 308 574 349; x_wconf 84' lang='lat' dir='ltr'>bus</span> <span class='ocrx_word' id='word_1_15' title='bbox 605 306 711 360; x_wconf 79' lang='lat' dir='ltr'>plura</span> <span class='ocrx_word' id='word_1_16' title='bbox 744 306 917 348; x_wconf 84' lang='lat' dir='ltr'>afferam.</span> 
     </span>
    </p>
   </div>
   <div class='ocr_carea' id='block_1_3' title="bbox 504 397 1802 1021">
    <p class='ocr_par' dir='ltr' id='par_1_3' title="bbox 504 397 1802 1021">
     <span class='ocr_line' id='line_1_4' title="bbox 622 397 1796 456; baseline -0.002 -13"><span class='ocrx_word' id='word_1_17' title='bbox 622 397 658 443; x_wconf 64' lang='grc'>6.</span> <span class='ocrx_word' id='word_1_18' title='bbox 704 413 773 440; x_wconf 93' lang='lat'>11.</span> <span class='ocrx_word' id='word_1_19' title='bbox 809 400 1029 444; x_wconf 85' lang='lat' dir='ltr'>Theoriam</span> <span class='ocrx_word' id='word_1_20' title='bbox 1065 401 1163 443; x_wconf 85' lang='lat' dir='ltr'>hanc</span> <span class='ocrx_word' id='word_1_21' title='bbox 1198 413 1344 443; x_wconf 81' lang='lat' dir='ltr'>nouam</span> <span class='ocrx_word' id='word_1_22' title='bbox 1373 402 1507 443; x_wconf 88' lang='lat' dir='ltr'>multis</span> <span class='ocrx_word' id='word_1_23' title='bbox 1539 399 1697 456; x_wconf 89' lang='lat' dir='ltr'>quidem</span> <span class='ocrx_word' id='word_1_24' title='bbox 1723 401 1796 441; x_wconf 84' lang='lat' dir='ltr'>de-&#39;</span> 
     </span>
     <span class='ocr_line' id='line_1_5' title="bbox 506 464 1797 519; baseline 0 -14"><span class='ocrx_word' id='word_1_25' title='bbox 506 464 645 505; x_wconf 84' lang='lat' dir='ltr'>claraui</span> <span class='ocrx_word' id='word_1_26' title='bbox 677 465 840 515; x_wconf 84' lang='lat' dir='ltr'>amicis,</span> <span class='ocrx_word' id='word_1_27' title='bbox 890 466 1110 519; x_wconf 80' lang='lat' dir='ltr'>priusquam</span> <span class='ocrx_word' id='word_1_28' title='bbox 1165 464 1212 504; x_wconf 90' lang='lat' dir='ltr'>de</span> <span class='ocrx_word' id='word_1_29' title='bbox 1255 464 1321 505; x_wconf 85' lang='lat' dir='ltr'>illa</span> <span class='ocrx_word' id='word_1_30' title='bbox 1360 464 1486 519; x_wconf 86' lang='lat' dir='ltr'>aliqua</span> <span class='ocrx_word' id='word_1_31' title='bbox 1527 464 1797 518; x_wconf 84' lang='lat' dir='ltr'>experimenta</span> 
     </span>
     <span class='ocr_line' id='line_1_6' title="bbox 504 527 1798 582; baseline -0.002 -14"><span class='ocrx_word' id='word_1_32' title='bbox 504 527 735 579; x_wconf 84' lang='lat' dir='ltr'>sumfiffem,</span> <span class='ocrx_word' id='word_1_33' title='bbox 768 537 893 567; x_wconf 84' lang='lat' dir='ltr'>certus</span> <span class='ocrx_word' id='word_1_34' title='bbox 926 529 974 568; x_wconf 84' lang='lat' dir='ltr'>de</span> <span class='ocrx_word' id='word_1_35' title='bbox 1009 529 1089 567; x_wconf 86' lang='lat' dir='ltr'>eius</span> <span class='ocrx_word' id='word_1_36' title='bbox 1120 527 1311 567; x_wconf 87' lang='lat' dir='ltr'>bonitate:</span> <span class='ocrx_word' id='word_1_37' title='bbox 1348 528 1552 582; x_wconf 86' lang='lat' dir='ltr'>Postquam</span> <span class='ocrx_word' id='word_1_38' title='bbox 1585 539 1682 568; x_wconf 89' lang='lat' dir='ltr'>vero</span> <span class='ocrx_word' id='word_1_39' title='bbox 1708 537 1798 566; x_wconf 82' lang='lat' dir='ltr'>eam</span> 
     </span>
     <span class='ocr_line' id='line_1_7' title="bbox 505 587 1795 645; baseline -0.002 -15"><span class='ocrx_word' id='word_1_40' title='bbox 505 590 661 645; x_wconf 86' lang='lat' dir='ltr'>publice</span> <span class='ocrx_word' id='word_1_41' title='bbox 694 602 893 643; x_wconf 85' lang='lat' dir='ltr'>exponere</span> <span class='ocrx_word' id='word_1_42' title='bbox 936 588 1238 642; x_wconf 78' lang='lat' dir='ltr'>constittiifl‘em,</span> <span class='ocrx_word' id='word_1_43' title='bbox 1282 589 1373 631; x_wconf 84' lang='lat' dir='ltr'>sensl</span> <span class='ocrx_word' id='word_1_44' title='bbox 1414 604 1435 631; x_wconf 93' lang='lat' dir='ltr'>e</span> <span class='ocrx_word' id='word_1_45' title='bbox 1477 604 1519 630; x_wconf 89' lang='lat' dir='ltr'>re</span> <span class='ocrx_word' id='word_1_46' title='bbox 1560 602 1648 631; x_wconf 85' lang='lat' dir='ltr'>mea</span> <span class='ocrx_word' id='word_1_47' title='bbox 1687 587 1795 641; x_wconf 85' lang='lat' dir='ltr'>fore,</span> 
     </span>
     <span class='ocr_line' id='line_1_8' title="bbox 507 651 1802 707; baseline -0.002 -14"><span class='ocrx_word' id='word_1_48' title='bbox 507 663 554 693; x_wconf 74' lang='lat' dir='ltr'>*vt</span> <span class='ocrx_word' id='word_1_49' title='bbox 586 653 854 706; x_wconf 75' lang='lat' dir='ltr'>experimenta</span> <span class='ocrx_word' id='word_1_50' title='bbox 886 655 1167 707; x_wconf 84' lang='lat' dir='ltr'>experimentis</span> <span class='ocrx_word' id='word_1_51' title='bbox 1198 654 1523 707; x_wconf 60' lang='lat' dir='ltr'>auctoritatesque</span> <span class='ocrx_word' id='word_1_52' title='bbox 1556 651 1802 693; x_wconf 63' lang='lat' dir='ltr'>auetoritati-</span> 
     </span>
     <span class='ocr_line' id='line_1_9' title="bbox 511 712 1801 769; baseline -0.001 -13"><span class='ocrx_word' id='word_1_53' title='bbox 511 716 582 756; x_wconf 85' lang='lat' dir='ltr'>bus</span> <span class='ocrx_word' id='word_1_54' title='bbox 613 727 883 769; x_wconf 85' lang='lat' dir='ltr'>opponerem,</span> <span class='ocrx_word' id='word_1_55' title='bbox 916 728 964 756; x_wconf 89' lang='lat' dir='ltr'>ne</span> <span class='ocrx_word' id='word_1_56' title='bbox 997 718 1186 757; x_wconf 83' lang='lat' dir='ltr'>inauditus</span> <span class='ocrx_word' id='word_1_57' title='bbox 1217 715 1370 756; x_wconf 86' lang='lat' dir='ltr'>fortaffe</span> <span class='ocrx_word' id='word_1_58' title='bbox 1403 718 1597 758; x_wconf 88' lang='lat' dir='ltr'>reiicerer.</span> <span class='ocrx_word' id='word_1_59' title='bbox 1676 712 1801 767; x_wconf 82' lang='lat' dir='ltr'>Igitur</span> 
     </span>
     <span class='ocr_line' id='line_1_10' title="bbox 509 777 1802 832; baseline -0.002 -14"><span class='ocrx_word' id='word_1_60' title='bbox 509 779 745 832; x_wconf 83' lang='lat' dir='ltr'>praeparatis</span> <span class='ocrx_word' id='word_1_61' title='bbox 783 780 966 819; x_wconf 89' lang='lat' dir='ltr'>omnibus</span> <span class='ocrx_word' id='word_1_62' title='bbox 1011 780 1058 820; x_wconf 85' lang='lat' dir='ltr'>ad</span> <span class='ocrx_word' id='word_1_63' title='bbox 1099 779 1419 832; x_wconf 87' lang='lat' dir='ltr'>experimentum</span> <span class='ocrx_word' id='word_1_64' title='bbox 1461 786 1726 820; x_wconf 87' lang='lat' dir='ltr'>conuenerunt</span> <span class='ocrx_word' id='word_1_65' title='bbox 1760 777 1802 817; x_wconf 85' lang='lat' dir='ltr'>in</span> 
     </span>
     <span class='ocr_line' id='line_1_11' title="bbox 510 840 1800 894; baseline -0.002 -13"><span class='ocrx_word' id='word_1_66' title='bbox 510 841 665 881; x_wconf 79' lang='lat' dir='ltr'>aedibus</span> <span class='ocrx_word' id='word_1_67' title='bbox 683 842 782 881; x_wconf 88' lang='lat' dir='ltr'>meis</span> <span class='ocrx_word' id='word_1_68' title='bbox 800 840 1073 883; x_wconf 86' lang='lat' dir='ltr'>D.Emanuel</span> <span class='ocrx_word' id='word_1_69' title='bbox 1091 842 1244 894; x_wconf 69' lang='lat' dir='ltr'>Kbnig‚</span> <span class='ocrx_word' id='word_1_70' title='bbox 1263 842 1374 883; x_wconf 85' lang='lat' dir='ltr'>Pater</span> <span class='ocrx_word' id='word_1_71' title='bbox 1392 854 1517 893; x_wconf 83' lang='lat' dir='ltr'>meus,</span> <span class='ocrx_word' id='word_1_72' title='bbox 1537 840 1800 893; x_wconf 78' lang='lat' dir='ltr'>Patruelisque</span> 
     </span>
     <span class='ocr_line' id='line_1_12' title="bbox 510 902 1800 959; baseline -0.003 -13"><span class='ocrx_word' id='word_1_73' title='bbox 510 903 705 947; x_wconf 86' lang='lat' dir='ltr'>Nicolaus</span> <span class='ocrx_word' id='word_1_74' title='bbox 736 902 965 957; x_wconf 87' lang='lat' dir='ltr'>Beruoulli,</span> <span class='ocrx_word' id='word_1_75' title='bbox 999 905 1134 959; x_wconf 81' lang='lat' dir='ltr'>quibus</span> <span class='ocrx_word' id='word_1_76' title='bbox 1166 906 1298 958; x_wconf 89' lang='lat' dir='ltr'>primo</span> <span class='ocrx_word' id='word_1_77' title='bbox 1330 904 1481 945; x_wconf 83' lang='lat' dir='ltr'>causam</span> <span class='ocrx_word' id='word_1_78' title='bbox 1514 914 1642 945; x_wconf 86' lang='lat' dir='ltr'>totam</span> <span class='ocrx_word' id='word_1_79' title='bbox 1669 914 1800 956; x_wconf 86' lang='lat' dir='ltr'>expo-</span> 
     </span>
     <span class='ocr_line' id='line_1_13' title="bbox 514 964 1451 1021; baseline 0.003 -16"><span class='ocrx_word' id='word_1_80' title='bbox 514 965 590 1019; x_wconf 76' lang='lat' dir='ltr'>sui,</span> <span class='ocrx_word' id='word_1_81' title='bbox 621 977 769 1007; x_wconf 87' lang='lat' dir='ltr'>caetera</span> <span class='ocrx_word' id='word_1_82' title='bbox 802 968 940 1008; x_wconf 89' lang='lat' dir='ltr'>deinde</span> <span class='ocrx_word' id='word_1_83' title='bbox 973 964 1164 1021; x_wconf 70' lang='lat' dir='ltr'>aggressus</span> <span class='ocrx_word' id='word_1_84' title='bbox 1196 976 1239 1008; x_wconf 88' lang='lat' dir='ltr'>vt</span> <span class='ocrx_word' id='word_1_85' title='bbox 1269 967 1451 1021; x_wconf 88' lang='lat' dir='ltr'>sequitur.</span> 
     </span>
    </p>
   </div>
   <div class='ocr_carea' id='block_1_4' title="bbox 517 1058 1854 1616">
    <p class='ocr_par' dir='ltr' id='par_1_4' title="bbox 517 1058 1854 1616">
     <span class='ocr_line' id='line_1_14' title="bbox 634 1058 1807 1116; baseline 0.002 -17"><span class='ocrx_word' id='word_1_86' title='bbox 634 1058 813 1100; x_wconf 81' lang='lat' dir='ltr'>Mensura</span> <span class='ocrx_word' id='word_1_87' title='bbox 846 1059 930 1100; x_wconf 79' lang='lat' dir='ltr'>vsus</span> <span class='ocrx_word' id='word_1_88' title='bbox 960 1060 1042 1101; x_wconf 89' lang='lat' dir='ltr'>sum</span> <span class='ocrx_word' id='word_1_89' title='bbox 1075 1062 1180 1116; x_wconf 88' lang='lat' dir='ltr'>pedis</span> <span class='ocrx_word' id='word_1_90' title='bbox 1210 1062 1362 1103; x_wconf 80' lang='lat' dir='ltr'>Parifini</span> <span class='ocrx_word' id='word_1_91' title='bbox 1396 1063 1436 1114; x_wconf 87' lang='lat' dir='ltr'>in</span> <span class='ocrx_word' id='word_1_92' title='bbox 1469 1072 1558 1111; x_wconf 79' lang='lat'>400</span> <span class='ocrx_word' id='word_1_93' title='bbox 1602 1058 1807 1115; x_wconf 82' lang='lat' dir='ltr'>particulas</span> 
     </span>
     <span class='ocr_line' id='line_1_15' title="bbox 518 1122 1854 1178; baseline 0.002 -15"><span class='ocrx_word' id='word_1_94' title='bbox 518 1122 696 1175; x_wconf 73' lang='lat' dir='ltr'>aequales</span> <span class='ocrx_word' id='word_1_95' title='bbox 727 1123 861 1174; x_wconf 81' lang='lat' dir='ltr'>diuisi,</span> <span class='ocrx_word' id='word_1_96' title='bbox 902 1133 1016 1177; x_wconf 82' lang='lat' dir='ltr'>atque</span> <span class='ocrx_word' id='word_1_97' title='bbox 1058 1134 1102 1164; x_wconf 89' lang='lat' dir='ltr'>vt</span> <span class='ocrx_word' id='word_1_98' title='bbox 1145 1134 1234 1164; x_wconf 86' lang='lat' dir='ltr'>ante</span> <span class='ocrx_word' id='word_1_99' title='bbox 1275 1127 1410 1167; x_wconf 89' lang='lat' dir='ltr'>omnia</span> <span class='ocrx_word' id='word_1_100' title='bbox 1452 1125 1602 1178; x_wconf 85' lang='lat' dir='ltr'>pondus</span> <span class='ocrx_word' id='word_1_101' title='bbox 1641 1123 1808 1176; x_wconf 83' lang='lat' dir='ltr'>cylindri</span> <span class='ocrx_word' id='word_1_102' title='bbox 1845 1126 1854 1135; x_wconf 79' lang='lat'>⁸</span> 
     </span>
     <span class='ocr_line' id='line_1_16' title="bbox 518 1185 1809 1242; baseline -0.001 -16"><span class='ocrx_word' id='word_1_103' title='bbox 518 1185 630 1238; x_wconf 84' lang='lat' dir='ltr'>aquei</span> <span class='ocrx_word' id='word_1_104' title='bbox 661 1185 741 1224; x_wconf 85' lang='lat' dir='ltr'>dati</span> <span class='ocrx_word' id='word_1_105' title='bbox 773 1185 1031 1226; x_wconf 83' lang='lat' dir='ltr'>determinare</span> <span class='ocrx_word' id='word_1_106' title='bbox 1063 1186 1198 1228; x_wconf 83' lang='lat' dir='ltr'>liceret</span> <span class='ocrx_word' id='word_1_107' title='bbox 1229 1190 1507 1242; x_wconf 88' lang='lat' dir='ltr'>experimento</span> <span class='ocrx_word' id='word_1_108' title='bbox 1539 1200 1561 1228; x_wconf 79' lang='lat' dir='ltr'>a</span> <span class='ocrx_word' id='word_1_109' title='bbox 1581 1197 1731 1228; x_wconf 88' lang='lat' dir='ltr'>memet</span> <span class='ocrx_word' id='word_1_110' title='bbox 1749 1185 1809 1226; x_wconf 86' lang='lat' dir='ltr'>fa-</span> 
     </span>
     <span class='ocr_line' id='line_1_17' title="bbox 519 1246 1806 1300; baseline 0.001 -12"><span class='ocrx_word' id='word_1_111' title='bbox 519 1248 609 1299; x_wconf 71' lang='grc' dir='ltr'>ἂο,</span> <span class='ocrx_word' id='word_1_112' title='bbox 643 1246 801 1288; x_wconf 84' lang='lat' dir='ltr'>adhibui</span> <span class='ocrx_word' id='word_1_113' title='bbox 833 1261 902 1288; x_wconf 81' lang='lat' dir='ltr'>vas</span> <span class='ocrx_word' id='word_1_114' title='bbox 933 1249 1190 1300; x_wconf 85' lang='lat' dir='ltr'>cylindricum</span> <span class='ocrx_word' id='word_1_115' title='bbox 1224 1264 1273 1292; x_wconf 89' lang='lat' dir='ltr'>ex</span> <span class='ocrx_word' id='word_1_116' title='bbox 1309 1252 1455 1292; x_wconf 85' lang='lat' dir='ltr'>lamina</span> <span class='ocrx_word' id='word_1_117' title='bbox 1490 1249 1610 1290; x_wconf 84' lang='lat' dir='ltr'>ferrea</span> <span class='ocrx_word' id='word_1_118' title='bbox 1644 1248 1806 1300; x_wconf 47' lang='lat' dir='ltr'>facium,</span> 
     </span>
     <span class='ocr_line' id='line_1_18' title="bbox 517 1310 1809 1367; baseline 0.001 -18"><span class='ocrx_word' id='word_1_119' title='bbox 517 1311 626 1367; x_wconf 78' lang='lat' dir='ltr'>cuius</span> <span class='ocrx_word' id='word_1_120' title='bbox 656 1310 830 1350; x_wconf 80' lang='lat' dir='ltr'>cauitatis</span> <span class='ocrx_word' id='word_1_121' title='bbox 862 1311 1052 1351; x_wconf 79' lang='lat' dir='ltr'>diameter</span> <span class='ocrx_word' id='word_1_122' title='bbox 1086 1322 1167 1352; x_wconf 79' lang='lat' dir='ltr'>erat</span> <span class='ocrx_word' id='word_1_123' title='bbox 1185 1325 1243 1362; x_wconf 87' lang='lat'>92</span> <span class='ocrx_word' id='word_1_124' title='bbox 1263 1323 1363 1367; x_wconf 71' lang='lat' dir='ltr'>part.</span> <span class='ocrx_word' id='word_1_125' title='bbox 1386 1325 1509 1366; x_wconf 89' lang='lat' dir='ltr'>eoque</span> <span class='ocrx_word' id='word_1_126' title='bbox 1528 1312 1680 1366; x_wconf 87' lang='lat' dir='ltr'>repleto</span> <span class='ocrx_word' id='word_1_127' title='bbox 1698 1311 1809 1364; x_wconf 79' lang='lat' dir='ltr'>aquis</span> 
     </span>
     <span class='ocr_line' id='line_1_19' title="bbox 520 1372 1809 1429; baseline -0.001 -15"><span class='ocrx_word' id='word_1_128' title='bbox 520 1373 569 1414; x_wconf 80' lang='lat' dir='ltr'>ad</span> <span class='ocrx_word' id='word_1_129' title='bbox 605 1372 847 1413; x_wconf 80' lang='lat' dir='ltr'>altitudinem</span> <span class='ocrx_word' id='word_1_130' title='bbox 885 1387 964 1424; x_wconf 84' lang='lat'>131</span> <span class='ocrx_word' id='word_1_131' title='bbox 1003 1383 1104 1427; x_wconf 76' lang='lat' dir='ltr'>part.</span> <span class='ocrx_word' id='word_1_132' title='bbox 1138 1383 1252 1428; x_wconf 86' lang='lat' dir='ltr'>atque</span> <span class='ocrx_word' id='word_1_133' title='bbox 1286 1375 1495 1429; x_wconf 86' lang='lat' dir='ltr'>explorato</span> <span class='ocrx_word' id='word_1_134' title='bbox 1529 1376 1577 1415; x_wconf 84' lang='lat' dir='ltr'>ad</span> <span class='ocrx_word' id='word_1_135' title='bbox 1611 1373 1809 1414; x_wconf 83' lang='lat' dir='ltr'>bilancem</span> 
     </span>
     <span class='ocr_line' id='line_1_20' title="bbox 519 1437 1810 1492; baseline 0.002 -18"><span class='ocrx_word' id='word_1_136' title='bbox 519 1444 602 1476; x_wconf 88' lang='lat' dir='ltr'>tum</span> <span class='ocrx_word' id='word_1_137' title='bbox 635 1437 804 1488; x_wconf 86' lang='lat' dir='ltr'>pondere</span> <span class='ocrx_word' id='word_1_138' title='bbox 838 1437 933 1476; x_wconf 81' lang='lat' dir='ltr'>vasis</span> <span class='ocrx_word' id='word_1_139' title='bbox 963 1438 1093 1488; x_wconf 84' lang='lat' dir='ltr'>vacui,</span> <span class='ocrx_word' id='word_1_140' title='bbox 1127 1446 1211 1477; x_wconf 91' lang='lat' dir='ltr'>tum</span> <span class='ocrx_word' id='word_1_141' title='bbox 1247 1438 1376 1492; x_wconf 86' lang='lat' dir='ltr'>pleni,</span> <span class='ocrx_word' id='word_1_142' title='bbox 1408 1437 1491 1478; x_wconf 84' lang='lat' dir='ltr'>vidi</span> <span class='ocrx_word' id='word_1_143' title='bbox 1512 1438 1662 1492; x_wconf 87' lang='lat' dir='ltr'>pondus</span> <span class='ocrx_word' id='word_1_144' title='bbox 1679 1437 1810 1489; x_wconf 88' lang='lat' dir='ltr'>cylin-</span> 
     </span>
     <span class='ocr_line' id='line_1_21' title="bbox 520 1497 1812 1554; baseline 0.001 -16"><span class='ocrx_word' id='word_1_145' title='bbox 520 1498 579 1538; x_wconf 86' lang='lat' dir='ltr'>dri</span> <span class='ocrx_word' id='word_1_146' title='bbox 613 1498 714 1537; x_wconf 81' lang='lat' dir='ltr'>istius</span> <span class='ocrx_word' id='word_1_147' title='bbox 745 1500 855 1550; x_wconf 83' lang='lat' dir='ltr'>aquei</span> <span class='ocrx_word' id='word_1_148' title='bbox 889 1497 963 1539; x_wconf 82' lang='lat' dir='ltr'>effe</span> <span class='ocrx_word' id='word_1_149' title='bbox 1003 1512 1086 1538; x_wconf 83' lang='lat'>122</span> <span class='ocrx_word' id='word_1_150' title='bbox 1108 1500 1405 1542; x_wconf 82' lang='lat' dir='ltr'>drachmarum:</span> <span class='ocrx_word' id='word_1_151' title='bbox 1438 1500 1534 1541; x_wconf 87' lang='lat' dir='ltr'>Inde</span> <span class='ocrx_word' id='word_1_152' title='bbox 1552 1500 1812 1554; x_wconf 84' lang='lat' dir='ltr'>cognouimus</span> 
     </span>
     <span class='ocr_line' id='line_1_22' title="bbox 521 1561 1808 1616; baseline 0.002 -17"><span class='ocrx_word' id='word_1_153' title='bbox 521 1561 672 1615; x_wconf 86' lang='lat' dir='ltr'>pondus</span> <span class='ocrx_word' id='word_1_154' title='bbox 703 1562 869 1610; x_wconf 86' lang='lat' dir='ltr'>cylindri</span> <span class='ocrx_word' id='word_1_155' title='bbox 901 1564 1011 1616; x_wconf 86' lang='lat' dir='ltr'>aquei</span> <span class='ocrx_word' id='word_1_156' title='bbox 1047 1563 1199 1604; x_wconf 84' lang='lat' dir='ltr'>alterius</span> <span class='ocrx_word' id='word_1_157' title='bbox 1231 1565 1357 1613; x_wconf 89' lang='lat' dir='ltr'>(cuius</span> <span class='ocrx_word' id='word_1_158' title='bbox 1387 1565 1576 1605; x_wconf 83' lang='lat' dir='ltr'>diameter</span> <span class='ocrx_word' id='word_1_159' title='bbox 1608 1561 1701 1603; x_wconf 84' lang='lat' dir='ltr'>effet</span> <span class='ocrx_word' id='word_1_160' title='bbox 1737 1576 1808 1612; x_wconf 90' lang='lat'>19.</span> 
     </span>
    </p>
   </div>
   <div class='ocr_carea' id='block_1_5' title="bbox 349 1621 1815 2170">
    <p class='ocr_par' dir='ltr' id='par_1_5' title="bbox 523 1621 1812 1677">
     <span class='ocr_line' id='line_1_23' title="bbox 523 1621 1812 1677; baseline 0.002 -13"><span class='ocrx_word' id='word_1_161' title='bbox 523 1628 648 1677; x_wconf 81' lang='lat' dir='ltr'>part.)</span> <span class='ocrx_word' id='word_1_162' title='bbox 681 1621 755 1663; x_wconf 83' lang='lat' dir='ltr'>effe</span> <span class='ocrx_word' id='word_1_163' title='bbox 792 1629 841 1677; x_wconf 86' lang='lat'>8,</span> <span class='ocrx_word' id='word_1_164' title='bbox 864 1637 952 1676; x_wconf 86' lang='lat'>937</span> <span class='ocrx_word' id='word_1_165' title='bbox 987 1626 1279 1667; x_wconf 83' lang='lat' dir='ltr'>drachmarum:</span> <span class='ocrx_word' id='word_1_166' title='bbox 1321 1627 1408 1668; x_wconf 85' lang='lat' dir='ltr'>talis</span> <span class='ocrx_word' id='word_1_167' title='bbox 1450 1635 1578 1667; x_wconf 86' lang='lat' dir='ltr'>autem</span> <span class='ocrx_word' id='word_1_168' title='bbox 1621 1624 1812 1676; x_wconf 85' lang='lat' dir='ltr'>cylindrus</span> 
     </span>
    </p>

    <p class='ocr_par' dir='ltr' id='par_1_6' title="bbox 522 1686 1813 1743">
     <span class='ocr_line' id='line_1_24' title="bbox 522 1686 1813 1743; baseline 0.002 -18"><span class='ocrx_word' id='word_1_169' title='bbox 522 1686 635 1726; x_wconf 85' lang='lat' dir='ltr'>nobis</span> <span class='ocrx_word' id='word_1_170' title='bbox 667 1700 767 1728; x_wconf 86' lang='lat' dir='ltr'>mox</span> <span class='ocrx_word' id='word_1_171' title='bbox 798 1690 932 1728; x_wconf 85' lang='lat' dir='ltr'>veniet</span> <span class='ocrx_word' id='word_1_172' title='bbox 963 1689 1269 1730; x_wconf 83' lang='lat' dir='ltr'>confiderandus.</span> <span class='ocrx_word' id='word_1_173' title='bbox 1335 1691 1416 1730; x_wconf 81' lang='lat' dir='ltr'>Vas</span> <span class='ocrx_word' id='word_1_174' title='bbox 1434 1701 1555 1743; x_wconf 83' lang='lat' dir='ltr'>porro</span> <span class='ocrx_word' id='word_1_175' title='bbox 1573 1689 1703 1728; x_wconf 82' lang='lat' dir='ltr'>aderat</span> <span class='ocrx_word' id='word_1_176' title='bbox 1721 1701 1813 1729; x_wconf 86' lang='lat' dir='ltr'>am-</span> 
     </span>
    </p>

    <p class='ocr_par' dir='ltr' id='par_1_7' title="bbox 349 1749 1814 1993">
     <span class='ocr_line' id='line_1_25' title="bbox 349 1749 1809 1807; baseline 0.001 -16"><span class='ocrx_word' id='word_1_177' title='bbox 349 1761 448 1799; x_wconf 72' lang='lat' dir='ltr'>Figura</span> <span class='ocrx_word' id='word_1_178' title='bbox 476 1771 503 1800; x_wconf 69' lang='lat'>4„</span> <span class='ocrx_word' id='word_1_179' title='bbox 525 1749 738 1803; x_wconf 89' lang='lat' dir='ltr'>pliffimum</span> <span class='ocrx_word' id='word_1_180' title='bbox 773 1749 953 1795; x_wconf 87' lang='lat' dir='ltr'>ABCD</span> <span class='ocrx_word' id='word_1_181' title='bbox 985 1751 1092 1804; x_wconf 82' lang='lat' dir='ltr'>aquis</span> <span class='ocrx_word' id='word_1_182' title='bbox 1127 1753 1286 1803; x_wconf 89' lang='lat' dir='ltr'>plenum</span> <span class='ocrx_word' id='word_1_183' title='bbox 1320 1765 1438 1807; x_wconf 84' lang='lat' dir='ltr'>vsque</span> <span class='ocrx_word' id='word_1_184' title='bbox 1486 1752 1526 1791; x_wconf 88' lang='lat' dir='ltr'>in</span> <span class='ocrx_word' id='word_1_185' title='bbox 1573 1749 1666 1792; x_wconf 91' lang='lat' dir='ltr'>AD</span> <span class='ocrx_word' id='word_1_186' title='bbox 1716 1763 1809 1792; x_wconf 91' lang='lat' dir='ltr'>cum</span> 
     </span>
     <span class='ocr_line' id='line_1_26' title="bbox 526 1812 1814 1866; baseline 0 -13"><span class='ocrx_word' id='word_1_187' title='bbox 526 1812 709 1865; x_wconf 81' lang='lat' dir='ltr'>adaptato</span> <span class='ocrx_word' id='word_1_188' title='bbox 742 1814 837 1853; x_wconf 89' lang='lat' dir='ltr'>tubo</span> <span class='ocrx_word' id='word_1_189' title='bbox 871 1814 949 1855; x_wconf 88' lang='lat' dir='ltr'>EF</span> <span class='ocrx_word' id='word_1_190' title='bbox 983 1814 1152 1866; x_wconf 73' lang='lat' dir='ltr'>perfec&#39;te</span> <span class='ocrx_word' id='word_1_191' title='bbox 1183 1815 1402 1866; x_wconf 82' lang='lat' dir='ltr'>cylindrico</span> <span class='ocrx_word' id='word_1_192' title='bbox 1438 1824 1478 1855; x_wconf 89' lang='lat' dir='ltr'>et</span> <span class='ocrx_word' id='word_1_193' title='bbox 1516 1813 1814 1855; x_wconf 81' lang='lat' dir='ltr'>horizontaliter</span> 
     </span>
     <span class='ocr_line' id='line_1_27' title="bbox 527 1875 1812 1930; baseline 0.002 -16"><span class='ocrx_word' id='word_1_194' title='bbox 527 1875 674 1928; x_wconf 76' lang='lat' dir='ltr'>posito:</span> <span class='ocrx_word' id='word_1_195' title='bbox 709 1876 782 1918; x_wconf 88' lang='lat' dir='ltr'>Per</span> <span class='ocrx_word' id='word_1_196' title='bbox 812 1876 915 1916; x_wconf 86' lang='lat' dir='ltr'>hunc</span> <span class='ocrx_word' id='word_1_197' title='bbox 955 1889 1044 1915; x_wconf 89' lang='lat' dir='ltr'>cum</span> <span class='ocrx_word' id='word_1_198' title='bbox 1089 1890 1207 1930; x_wconf 84' lang='lat' dir='ltr'>aquae</span> <span class='ocrx_word' id='word_1_199' title='bbox 1248 1878 1479 1929; x_wconf 83' lang='lat' dir='ltr'>effluebant,</span> <span class='ocrx_word' id='word_1_200' title='bbox 1533 1877 1680 1917; x_wconf 82' lang='lat' dir='ltr'>nullam</span> <span class='ocrx_word' id='word_1_201' title='bbox 1731 1876 1812 1930; x_wconf 87' lang='lat' dir='ltr'>pati</span> 
     </span>
     <span class='ocr_line' id='line_1_28' title="bbox 527 1939 1814 1993; baseline 0.002 -16"><span class='ocrx_word' id='word_1_202' title='bbox 527 1948 682 1991; x_wconf 62' lang='lat' dir='ltr'>poterit</span> <span class='ocrx_word' id='word_1_203' title='bbox 714 1952 811 1980; x_wconf 78' lang='lat' dir='ltr'>vena</span> <span class='ocrx_word' id='word_1_204' title='bbox 844 1939 1179 1992; x_wconf 62' lang='lat' dir='ltr'>contractionem,</span> <span class='ocrx_word' id='word_1_205' title='bbox 1210 1940 1312 1981; x_wconf 87' lang='lat' dir='ltr'>secus</span> <span class='ocrx_word' id='word_1_206' title='bbox 1344 1955 1387 1981; x_wconf 85' lang='lat' dir='ltr'>ac</span> <span class='ocrx_word' id='word_1_207' title='bbox 1419 1940 1466 1981; x_wconf 90' lang='lat' dir='ltr'>fit</span> <span class='ocrx_word' id='word_1_208' title='bbox 1496 1953 1586 1980; x_wconf 91' lang='lat' dir='ltr'>cum</span> <span class='ocrx_word' id='word_1_209' title='bbox 1619 1952 1688 1993; x_wconf 89' lang='lat' dir='ltr'>per</span> <span class='ocrx_word' id='word_1_210' title='bbox 1718 1940 1814 1980; x_wconf 80' lang='lat' dir='ltr'>fim-</span> 
     </span>
    </p>

    <p class='ocr_par' dir='ltr' id='par_1_8' title="bbox 530 2000 1811 2056">
     <span class='ocr_line' id='line_1_29' title="bbox 530 2000 1811 2056; baseline 0.002 -17"><span class='ocrx_word' id='word_1_211' title='bbox 530 2000 622 2053; x_wconf 87' lang='lat' dir='ltr'>plex</span> <span class='ocrx_word' id='word_1_212' title='bbox 654 2000 828 2042; x_wconf 84' lang='lat' dir='ltr'>foramen</span> <span class='ocrx_word' id='word_1_213' title='bbox 861 2003 1002 2042; x_wconf 84' lang='lat' dir='ltr'>fluunt:</span> <span class='ocrx_word' id='word_1_214' title='bbox 1036 2003 1224 2044; x_wconf 77' lang='lat' dir='ltr'>velocitas</span> <span class='ocrx_word' id='word_1_215' title='bbox 1255 2004 1375 2044; x_wconf 87' lang='lat' dir='ltr'>etiam</span> <span class='ocrx_word' id='word_1_216' title='bbox 1410 2016 1589 2056; x_wconf 82' lang='lat' dir='ltr'>aquarum</span> <span class='ocrx_word' id='word_1_217' title='bbox 1620 2002 1668 2042; x_wconf 83' lang='lat' dir='ltr'>ab</span> <span class='ocrx_word' id='word_1_218' title='bbox 1694 2002 1811 2041; x_wconf 88' lang='lat' dir='ltr'>initio</span> 
     </span>
    </p>

    <p class='ocr_par' dir='ltr' id='par_1_9' title="bbox 531 2063 1815 2119">
     <span class='ocr_line' id='line_1_30' title="bbox 531 2063 1815 2119; baseline 0.001 -17"><span class='ocrx_word' id='word_1_219' title='bbox 531 2063 666 2103; x_wconf 76' lang='lat' dir='ltr'>haberi</span> <span class='ocrx_word' id='word_1_220' title='bbox 699 2067 825 2118; x_wconf 89' lang='lat' dir='ltr'>potest</span> <span class='ocrx_word' id='word_1_221' title='bbox 858 2077 931 2119; x_wconf 90' lang='lat' dir='ltr'>pro</span> <span class='ocrx_word' id='word_1_222' title='bbox 962 2064 1150 2107; x_wconf 87' lang='lat' dir='ltr'>vnisormi</span> <span class='ocrx_word' id='word_1_223' title='bbox 1186 2067 1238 2108; x_wconf 92' lang='lat' dir='ltr'>ob</span> <span class='ocrx_word' id='word_1_224' title='bbox 1270 2079 1404 2109; x_wconf 88' lang='lat' dir='ltr'>earum</span> <span class='ocrx_word' id='word_1_225' title='bbox 1437 2066 1692 2108; x_wconf 59' lang='lat' dir='ltr'>directionem</span> <span class='ocrx_word' id='word_1_226' title='bbox 1733 2063 1815 2104; x_wconf 81' lang='lat' dir='ltr'>ho·</span> 
     </span>
    </p>

    <p class='ocr_par' dir='ltr' id='par_1_10' title="bbox 1678 2138 1814 2170">
     <span class='ocr_line' id='line_1_31' title="bbox 1678 2138 1814 2170; baseline -0.022 0"><span class='ocrx_word' id='word_1_227' title='bbox 1678 2138 1814 2170; x_wconf 80' lang='lat' dir='ltr'>rlzon-</span> 
     </span>
    </p>
   </div>
  </div>
 </body>
</html>
