1941 2674
140 96 228 141 AD
258 96 423 139 GEOM
429 96 501 138 ET
503 95 564 139 RI
565 96 662 140 AM
693 93 861 137 SITVS
893 94 1063 138 PERTI
1067 96 1108 138 N
1111 95 1299 138 ENTIS.
1319 108 1337 136 1
1348 111 1370 148 3
1383 109 1400 137 ι

119 214 185 255 ior
217 227 333 268 quam
367 225 547 255 numerus
566 212 774 267 pontium,
807 212 1069 254 denotabitur.
1134 213 1266 269 Quare
1290 223 1411 255 trans-

119 277 198 318 itus
231 291 300 332 per
340 277 488 333 septem
528 286 667 333 pontes
705 276 754 318 ad
794 276 1073 332 designandum
1115 277 1212 319 oc‘to
1252 278 1413 331 requirit

120 340 282 383 litteras.

238 454 272 503 §.
309 455 354 493 6.
390 451 436 494 In
468 450 547 494 hoc
578 452 810 507 defignando
842 452 970 495 modo
1000 465 1081 495 non
1113 453 1306 509 respicio,
1338 470 1409 512 per

120 526 220 569 quos
253 526 392 570 pontes
422 516 590 557 transitus
620 516 664 558 fit
695 514 838 566 fietus,
869 515 932 557 sed
964 515 991 556 fi
1025 517 1131 557 idem
1153 519 1328 559 transitus
1356 532 1407 562 ex

122 590 199 619 vua
235 581 395 632 regione
436 580 474 618 in
513 579 630 618 aliam
675 590 744 630 per
782 577 912 630 plures
950 587 1090 631 pontes
1130 579 1218 619 fieri
1258 583 1408 635 potest,

122 643 283 696 perinde
316 642 368 682 est
398 653 468 695 per
498 652 708 693 quemnam
741 648 931 691 transeat,
965 640 1090 681 modo
1110 642 1151 681 in
1170 643 1404 696 designatam

122 707 324 758 regionem
358 703 570 757 perueniat.
635 702 702 743 Ex
733 714 810 756 quo
846 702 1100 756 intelligitur,
1137 705 1165 746 fi
1193 707 1317 746 cursus
1339 720 1409 762 per

122 767 265 822 septem
299 767 441 819 figurae
477 775 613 818 pontes
644 767 697 806 ita
730 766 871 806 institui
904 764 1058 820 poffet,
1096 775 1142 808 vt
1172 780 1245 822 per
1275 770 1407 825 fingu-

119 831 181 872 los
213 830 329 870 semel
363 830 526 882 ideoque
558 841 628 882 per
658 829 808 870 nullum
841 830 898 870 bis
929 839 1165 886 transeatur,
1200 830 1299 874 hunc
1318 848 1407 875 cur-

117 893 198 934 sum
231 892 323 932 osto
355 892 490 934 litteris
521 891 797 946 repraesentari
831 893 964 947 poffe,
1006 905 1144 948 easque
1176 895 1322 938 litteras
1351 899 1406 939 ita

118 953 193 995 effe
228 955 370 996 debere
401 954 623 1009 dispofitas,
660 965 704 995 vt
735 956 965 997 immediata
997 956 1215 998 litterarum
1253 960 1293 1000 A
1312 960 1406 1002 etB

115 1018 288 1060 succeffio
319 1019 376 1059 bis
410 1028 609 1070 occurrat,
641 1019 729 1072 quia
761 1018 845 1060 sunt
879 1020 961 1061 duo
994 1029 1133 1074 pontes
1162 1033 1189 1062 a
1223 1031 1263 1062 et
1293 1023 1406 1066 bhas

115 1083 298 1135 regiones
330 1082 371 1123 A
402 1092 442 1123 et
475 1082 512 1124 B
544 1083 764 1135 iungentes,
798 1083 915 1124 simili
948 1084 1074 1124 modo
1113 1082 1290 1126 succeffio
1334 1088 1404 1128 lit-

114 1154 286 1186 terarum
320 1147 357 1186 A
390 1155 430 1186 et
462 1143 498 1186 C
530 1157 683 1199 quoque
714 1145 832 1186 debet
865 1145 923 1186 bis
940 1157 1143 1187 occurrere
1162 1147 1203 1186 in
1222 1148 1289 1188 illa
1309 1151 1404 1193 oe'to

115 1208 332 1251 litterarum
365 1208 483 1261 serie;
517 1208 657 1249 deinde
686 1207 863 1250 successio
896 1209 1112 1250 litterarum
1145 1210 1184 1250 A
1215 1221 1255 1251 et
1281 1212 1324 1254 D
1344 1214 1403 1254 se-

117 1272 199 1312 mel
231 1282 430 1325 occurret3
467 1271 716 1324 fimiliterque
749 1271 927 1313 succeffio
957 1271 1174 1313 litterarum
1208 1271 1243 1314 B
1275 1288 1314 1318 et
1340 1276 1399 1330 D,

113 1335 288 1388 itemque
323 1333 357 1375 C
389 1345 429 1375 et
459 1334 503 1376 D
540 1333 659 1375 semel
690 1343 867 1378 occurrat
896 1334 1040 1376 necesse
1081 1335 1151 1377 est.

234 1441 270 1489 ξ.
312 1457 357 1494 7.
390 1447 576 1503 Quaestio
607 1459 702 1500 ergo
734 1445 811 1487 huc
845 1447 1065 1500 reducitur,
1100 1458 1146 1490 vt
1164 1462 1215 1490 ex
1239 1463 1404 1505 quatuor

116 1511 258 1553 litteris
290 1512 352 1559 A,
372 1509 430 1559 B,
453 1509 487 1552 C
516 1520 555 1551 et
586 1509 629 1550 D
665 1510 777 1550 series
809 1510 902 1551 οᾶο
933 1511 1150 1552 litterarum
1191 1515 1401 1574 formetur,

117 1575 158 1615 in
192 1587 264 1627 qua
295 1585 434 1613 omnes
466 1573 554 1613 illae
592 1571 837 1613 succeffiones
875 1575 991 1615 toties
1022 1587 1222 1617 occurrant
1255 1583 1404 1632 quoties

115 1637 169 1678 est
201 1646 464 1691 praeceptum.
531 1637 753 1690 Antequam
786 1645 918 1677 autem
950 1638 999 1679 ad
1029 1638 1150 1680 talem
1182 1640 1404 1695 dispositio-

115 1712 209 1743 nem
243 1711 365 1753 opera
397 1698 647 1751 adhibeatur,
701 1699 850 1740 ostendi
890 1701 1099 1754 conuenit,
1153 1712 1284 1745 vtrum
1334 1709 1402 1751 tali

117 1763 243 1804 modo
275 1762 348 1804 hae
379 1763 530 1804 litterae
564 1762 719 1816 disponi
750 1771 892 1816 queant
931 1775 981 1805 an
1022 1775 1114 1805 non.
1204 1764 1246 1807 Si
1291 1772 1399 1813 enim

116 1825 372 1867 demonstrari
416 1826 562 1880 poterit
608 1825 728 1866 talem
768 1825 1057 1880 dispofitionem
1102 1829 1272 1871 omnino
1309 1833 1401 1877 fieri

115 1901 198 1930 non
230 1886 361 1942 posse,
391 1889 538 1930 inutilis
571 1889 646 1930 erit
675 1889 808 1929 omnis
841 1888 978 1944 labor,
1011 1890 1078 1944 qui
1111 1893 1157 1931 ad
1195 1891 1274 1934 hoe
1311 1896 1401 1938 effi·-

113 1951 298 1994 ciendum
355 1952 563 1994 locaretur.
679 1952 950 2009 Quamobrem
1007 1953 1183 2007 regulam
1242 1958 1399 2002 inuesti-

115 2016 204 2073 gaui
218 2045 230 2068 ,
268 2016 372 2059 cuius
414 2027 492 2073 ope
531 2024 614 2058 tam
650 2027 725 2071 pro
763 2014 835 2058 hac
875 2016 1123 2072 quaestione,
1161 2031 1277 2074 quam
1323 2036 1397 2076 pro

675 2078 715 2122 R
751 2090 777 2117 2
1215 2086 1398 2130 omnibus
