1941 2674
538 135 557 162 1
567 137 589 173 3
601 126 622 162 8
813 121 960 164 SOLV
963 121 1022 162 TI
1025 120 1062 162 O
1097 117 1510 162 PROBLEMATIS

648 239 678 286 ξ.
721 245 790 284 17.
825 234 1004 289 Sequitur
1034 247 1131 288 ergo
1163 247 1215 275 ex
1245 234 1317 274 hac
1337 232 1606 273 obseruatione
1626 231 1815 276 summam

531 302 710 340 omnium
745 300 952 352 pontium,
984 299 1049 351 qui
1083 300 1124 337 in
1156 297 1315 350 singulas
1350 297 1529 349 regiones
1570 298 1821 349 conducunt,

529 361 605 403 esse
638 374 844 403 numerum
881 373 1040 414 parem,
1073 362 1161 413 quia
1192 362 1271 399 eius
1302 359 1511 418 dimidium
1546 360 1724 412 pontium
1745 372 1819 400 nu·-

531 437 645 465 mero
680 434 875 477 aequatur.
949 424 1052 463 Fieri
1085 435 1180 476 ergo
1213 434 1292 462 non
1324 422 1472 475 potest,
1521 432 1565 461 vt
1604 423 1703 462 inter
1744 435 1819 463 nu-

531 500 665 528 meros
699 487 878 540 pontium
913 486 951 526 in
989 487 1202 539 quamlibet
1239 485 1442 537 regionem
1475 485 1695 524 ducentium
1730 484 1820 524 v-ni‘-

529 563 593 590 cus
626 551 672 590 sit
705 551 854 602 impar,
889 561 1011 601 neque
1047 548 1169 589 etiam
1202 558 1245 587 vt
1276 557 1352 587 tres
1376 548 1446 587 sint
1468 548 1663 600 impares,
1697 559 1819 600 neque

530 614 723 665 quinque,
761 622 834 651 etc.
904 612 1033 667 Quare
1075 611 1102 650 si
1142 612 1207 665 qui
1252 612 1429 663 pontium
1479 611 1632 650 numeri
1680 610 1820 650 litteris

530 676 596 726 A,
628 673 686 726 B,
714 674 773 725 C,
823 684 900 722 etc,
942 673 1122 727 adscripti
1154 674 1234 714 sun-t
1267 674 1461 725 impares,
1493 672 1637 712 necesse
1679 672 1734 712 est
1775 682 1819 713 vt

530 749 667 778 eorum
714 749 896 777 numerus
938 736 983 776 sit
1033 749 1124 789 par,
1173 738 1225 776 ita
1265 737 1305 776 in
1337 735 1526 788 exemplo
1567 736 1819 786 Regiomon-

530 810 622 840 tano
658 810 820 854 quatuor
852 808 961 839 erant
994 800 1175 851 pontium
1213 800 1366 839 numeri
1400 799 1566 851 impares
1598 798 1736 837 litteris
1754 810 1820 837 re·-

530 864 694 914 gionum
740 860 1022 913 A,B,C,D
1059 862 1261 915 adscripti,
1304 862 1362 901 vti
1394 873 1446 901 ex
1486 862 1519 910 ς.
1570 873 1639 910 14.
1685 861 1821 900 videre

531 926 648 980 licet,
683 935 796 979 atque
830 926 869 964 in
906 925 1097 976 exemplo
1130 924 1384 978 praecedente
1420 926 1452 973 §.
1497 933 1545 971 15
1565 953 1577 974 ,
1620 923 1698 962 duo
1731 932 1821 963 tan-

530 996 612 1028 tum
645 988 728 1028 sunt
760 987 912 1027 numeri
932 987 1127 1039 impares,
1158 986 1295 1026 litteris
1326 985 1369 1027 D
1402 996 1444 1026 et
1474 985 1511 1027 E
1540 983 1735 1038 adscripti.

644 1084 677 1132 §-
718 1084 786 1120 18.
823 1079 925 1121 Cum
960 1080 1110 1121 summa
1142 1080 1324 1122 omnium
1369 1092 1626 1121 numerorum
1679 1080 1820 1122 litteris

531 1143 594 1194 A,
616 1142 673 1195 B,
693 1142 727 1184 C
766 1152 841 1183 etc.
878 1144 1147 1184 adiunciwrum
1181 1153 1318 1196 aequet
1350 1144 1511 1197 duplum
1548 1145 1727 1196 pontium
1745 1157 1819 1184 nu·-

530 1218 709 1258 merum,
744 1205 987 1246 manifestum
1022 1207 1075 1246 est
1108 1206 1218 1245 illam
1251 1206 1442 1246 summam
1480 1206 1628 1247 binario
1647 1207 1825 1259 auctam,

530 1278 571 1307 et
606 1281 673 1321 per
713 1281 734 1306 2
770 1267 930 1308 diuisam
964 1269 1055 1308 dare
1091 1281 1293 1309 numerum
1327 1269 1547 1321 operationi
1580 1269 1822 1321 praefixum,

531 1329 574 1370 Si
606 1332 721 1383 igitur
752 1343 888 1370 omnes
918 1332 1070 1371 numeri
1103 1330 1241 1370 litteris
1271 1331 1334 1381 A,
1353 1329 1412 1380 B,
1432 1329 1551 1382 C„D
1571 1340 1646 1370 ete.
1681 1331 1821 1371 adscri-

531 1395 587 1446 pti
620 1394 759 1434 fuerint
791 1405 926 1447 pareS,
963 1403 1003 1433 et
1034 1405 1173 1433 eorum
1209 1393 1444 1445 fingulorum
1485 1394 1715 1434 medietates
1753 1407 1823 1435 ca·-

531 1457 681 1508 piantur
714 1457 760 1497 ad
801 1468 983 1496 numeros
1024 1456 1158 1495 tertiae
1199 1456 1406 1496 coiumnae
1447 1456 1705 1509 obtinendos,
1746 1457 1821 1498 erit

531 1518 675 1558 horum
713 1530 968 1558 numerorum
1004 1518 1151 1558 summa
1194 1520 1339 1559 vnitate
1382 1520 1539 1570 minor,
1585 1531 1700 1572 quam
1744 1532 1822 1560 nu-

531 1593 660 1622 merus
691 1581 891 1635 praefixus.
960 1581 1230 1637 Quamobrem
1267 1581 1328 1620 his
1357 1582 1494 1622 casibus
1529 1581 1677 1634 semper
1694 1591 1820 1623 trans-

530 1644 602 1683 itus
637 1658 705 1697 per
740 1656 879 1684 omnes
911 1653 1051 1697 pontes
1082 1643 1167 1683 fieri
1187 1644 1325 1697 potest.
1393 1644 1439 1684 In
1461 1657 1683 1697 quacunque
1709 1646 1821 1686 enirn

530 1708 689 1759 regione
722 1708 847 1747 cursus
880 1708 1109 1760 incipiatur,
1146 1719 1191 1746 ea
1225 1707 1383 1747 habebit
1401 1717 1538 1760 pontes
1562 1719 1728 1747 numero
1746 1721 1821 1761 pa-

530 1781 590 1808 res
622 1771 668 1809 ad
705 1771 738 1809 se
770 1770 1052 1821 conducentes,
1085 1770 1144 1809 vti
1178 1770 1397 1822 requiritur.
1464 1769 1529 1811 Sic
1560 1771 1600 1809 in
1627 1771 1820 1824 exemplo

533 1832 857 1883 Regiomontano
891 1831 973 1871 fieri
1010 1832 1157 1885 potest,
1191 1842 1234 1872 vt
1267 1833 1348 1885 quis
1388 1846 1456 1886 per
1497 1844 1636 1872 omnes
1677 1843 1825 1886 pontes

531 1893 588 1932 bis
606 1894 924 1945 transgrediatur,
960 1895 1120 1947 quilibet
1153 1895 1258 1935 enim
1296 1909 1416 1948 pons,
1451 1894 1553 1948 quasi
1571 1896 1609 1934 in
1630 1897 1725 1935 duos
1744 1897 1820 1936 erit

531 1956 696 2006 diuisus,
733 1968 984 2010 numerusque
1020 1959 1199 2010 pontium
1235 1958 1274 1998 in
1307 1959 1483 2013 quamuis
1513 1959 1717 2011 regionem
1747 1959 1818 1998 du-

528 2019 698 2059 centium
732 2021 806 2059 erit
835 2033 918 2073 par.

1664 2117 1696 2166 §.
1742 2128 1810 2166 19.
