1941 2674
311 102 390 144 ΕΧ
423 100 659 145 TRVNco
688 99 929 142 ARBORJS
960 99 1172 141 ENATO.
1316 111 1399 149 205·

124 229 267 280 Pyrum
303 228 509 279 annosam,
546 240 660 281 quam
703 227 818 281 paulo
868 238 955 267 ante
1008 227 1142 267 testem
1182 228 1400 280 appellaui,

123 294 240 332 dciici
275 293 473 343 curassem,
495 302 641 344 partem
675 293 865 343 quandam
886 293 981 330 rami
1004 291 1162 330 maioris
1178 321 1189 341 ,
1220 294 1284 343 qui
1306 291 1406 330 cras-

119 355 199 397 fitie
233 354 292 394 sua
326 365 503 395 truncum
537 355 682 394 arboris
713 356 999 404 aemulabatur,
1042 364 1081 392 et
1117 356 1221 393 cuius
1253 355 1408 394 diame-

120 426 181 457 ter
219 419 310 470 pede
343 431 422 457 vno
454 418 569 470 paulo
602 419 729 457 maior
762 428 868 468 erat,
911 417 1100 457 stillicidio
1134 417 1294 469 supponi
1327 415 1405 457 iuffi

121 480 444 531 horizontaliter,
477 482 529 519 ita
552 490 593 518 vt
612 493 747 532 aquam
783 492 850 531 per
885 482 1069 519 corticem
1104 480 1332 530 imbiberet,
1365 489 1406 518 et

120 556 143 583 a
163 545 277 583 radiis
296 543 472 582 solaribus
496 554 564 594 per
583 553 707 580 totam
729 544 805 579 iere
825 543 931 581 diem
952 552 1031 581 tuta
1062 542 1224 591 iaceret,
1256 554 1302 581 ne
1330 543 1408 594 lig-

120 618 216 646 num
258 607 522 645 exficcaretur.
584 603 736 642 Aestate
779 604 904 641 modo
953 605 1154 655 praeterita
1195 604 1247 642 ibi
1298 604 1403 655 loci,

123 668 190 709 vbi
210 668 365 721 aliquod
384 667 482 708 rami
504 665 705 716 vestigium
726 673 822 714 erat,
834 665 947 704 multi
968 666 1308 717 progerminarunt
1327 666 1408 705 sur-

122 731 221 782 culi,
241 742 404 783 quorum
427 740 522 768 vnus
540 727 681 766 alterne
701 727 746 765 ad
766 727 933 766 duorum
952 729 1240 779 propemodum
1263 729 1406 779 pedum

118 793 359 834 altitudinem
393 789 577 829 excreuit.
639 786 803 829 Necesse
823 789 938 841 igitur
957 801 1053 840 erat,
1074 791 1406 842 quemadmodum

118 854 360 896 vulttheoria
381 852 634 904 vegetationis
652 852 970 906 arborum,quam
994 854 1128 893 animo
1148 866 1407 906 conceperam

117 927 157 957 et
186 927 282 968 quae
313 914 414 955 mihi
450 913 686 954 surculorum
720 915 958 955 edendorum
994 915 1102 970 spem
1142 915 1327 968 faciebat,
1361 926 1406 957 vt

111 979 153 1020 in
189 977 386 1018 substantia
422 977 625 1017 medullari
657 976 718 1018 seu
750 978 955 1018 vtriculofii
990 989 1030 1019 et
1061 979 1297 1019 surculorum
1335 994 1404 1020 ru-

112 1041 282 1081 dimenta
303 1041 465 1080 laterent
475 1073 492 1093 ,.
520 1050 559 1080 et
578 1040 809 1080 alimentum
832 1041 915 1094 ipsis
942 1043 1178 1082 conueniens
1197 1055 1292 1095 aqua
1312 1043 1406 1096 plu·

111 1104 208 1144 viali
242 1104 464 1144 diluendum
497 1102 706 1144 sufficiente
737 1105 852 1157 copia
884 1104 1039 1144 adeffet.

230 1183 460 1226 Notandum
496 1194 691 1236 praeterea
725 1184 799 1234 est,
832 1184 875 1223 in
904 1184 1045 1224 eodem
1079 1183 1187 1224 succo
1221 1186 1405 1238 nutritio,

113 1260 231 1302 quem
266 1245 498 1300 inspiss‘atum
539 1245 676 1286 seruari
717 1247 863 1286 constat
902 1247 946 1286 in
983 1248 1182 1298 vtriculis,
1233 1261 1402 1301 quorum

115 1311 318 1363 congeries
337 1310 390 1350 est
418 1309 612 1350 substantia
644 1310 880 1358 medullaris,
918 1310 1060 1351 florum
1092 1311 1308 1351 rudimenta
1330 1324 1404 1351 co-

113 1375 218 1427 piola
255 1374 397 1423 latere,
438 1385 459 1412 a
491 1373 722 1413 rudimentis
759 1385 1009 1425 gemmarum
1058 1373 1249 1427 separata,
1303 1387 1400 1428 quae

111 1449 203 1476 cum
236 1437 276 1476 in
307 1447 483 1488 gemmas
514 1446 604 1475 cum
636 1435 746 1475 succo
766 1436 929 1476 nutritio
948 1434 1190 1488 deferuntur,
1227 1449 1290 1477 eas
1317 1438 1401 1477 im-

112 1508 340 1553 praegnant.
405 1498 537 1538 Licuit
572 1497 673 1537 mihi
706 1510 798 1538 vere
831 1500 1040 1552 praeterito
1072 1499 1147 1539 effe
1178 1500 1275 1540 adeo
1310 1500 1399 1540 feli-

113 1563 149 1602 ci
163 1593 176 1613 ,
195 1572 239 1602 vt
259 1563 298 1602 in
319 1561 628 1602 obseruationem
647 1561 860 1602 inciderem
875 1592 885 1612 ,
906 1575 978 1615 qua
997 1562 1094 1602 hanc
1116 1562 1289 1603 theoriae
1308 1576 1399 1616 par·-

113 1635 195 1666 tem
215 1624 416 1666 clariffime
437 1624 661 1664 confirmari
682 1624 878 1664 existimo.
951 1624 1112 1665 Demtis
1139 1626 1245 1665 enim
1267 1627 1399 1667 arbori

110 1688 255 1728 humili
285 1688 419 1741 (quale
450 1687 633 1728 arborum
661 1699 780 1739 genus
817 1687 944 1740 lingua
982 1689 1183 1728 vernacula
1220 1683 1397 1749 311321334

113 1739 318 1807 ffifiume,
350 1751 452 1804 quast
482 1749 718 1803 pumiliones
747 1750 787 1790 in
826 1751 1012 1791 arborum
1044 1763 1185 1804 genere
1225 1754 1399 1805 appella-

112 1818 225 1862 mus)
258 1814 441 1854 omnibus
475 1812 654 1863 surculis,
688 1812 824 1867 quibus
855 1826 1039 1866 gemmae
1071 1813 1328 1855 adhaerebant
1355 1823 1395 1855 et

108 1878 228 1918 ramis
260 1877 478 1917 maximam
511 1887 659 1929 partem
693 1878 924 1929 amputatis,
958 1882 1008 1917 ita
1042 1887 1084 1917 vt
1117 1878 1283 1918 nonnisi
1304 1891 1395 1932 par-

112 1951 170 1980 tes
201 1950 337 1980 trunco
368 1941 519 1979 vicinae
552 1939 882 1992 relinquerentur,
923 1953 1011 1981 cum
1051 1940 1190 1981 harum
1225 1954 1299 1981 vna
1336 1940 1393 1981 eft.

108 2003 390 2053 frondesceret‚
422 2003 461 2042 in
493 2002 609 2042 altera
641 2014 713 2055 per
743 2002 932 2044 corticem
952 2003 1069 2044 flores
1096 2004 1187 2044 nudi
1206 2015 1394 2056 prorum-

107 2066 272 2121 pebant,
307 2067 370 2120 qui
401 2065 636 2107 breuioribus
669 2065 851 2117 pediculis
886 2067 1016 2107 eidem
1049 2067 1150 2121 quafi
1181 2066 1292 2107 infixi
1322 2080 1393 2119 ap-

670 2126 733 2168 Cc
769 2141 792 2178 3
1319 2142 1392 2185 pa-
