1941 2674
547 118 607 159 54-
804 106 860 150 Μ
862 106 936 149 ΕΤ
937 106 979 149 Η
981 104 1103 150 ODV
1104 106 1135 148 S
1167 104 1296 148 COM
1299 104 1482 148 PVTAN
1486 104 1549 146 DI

538 234 579 265 et
611 221 650 266 Z
685 221 819 263 zenith
849 222 955 275 loci,
990 236 1064 277 pro
1099 234 1177 277 quo
1209 223 1389 276 aequatio
1422 221 1601 263 meridiei
1638 220 1829 262 desidera-

539 296 615 327 tur.
677 286 764 326 Erit
798 286 926 338 itaque
957 287 1062 326 resta
1093 284 1224 326 ΑΕΒ
1254 295 1437 339 aequator
1471 295 1512 324 et
1546 283 1659 334 CD,
1681 285 1736 324 cd
1750 284 1832 324 cir-

538 350 616 390 culi
638 348 837 401 paralleli3
873 345 997 389 PZE
1017 361 1114 388 vero
1135 349 1368 389 meridianus
1387 348 1465 387 loci
1487 346 1689 401 proposui.
1734 347 1830 386 Por-

538 424 585 453 ro
616 408 693 457 ΡΖ
726 411 780 451 est
811 411 1151 464 complementum
1183 411 1410 450 eleuationis
1441 412 1540 463 poli,
1571 421 1608 449 et
1643 409 1741 449 hanc
1777 409 1831 449 ob

538 482 624 515 rem
657 486 766 514 arcus
797 475 1006 520 meridiani
1041 471 1127 514 ZE
1160 474 1385 526 aequabitur
1422 474 1491 526 ipsi
1526 474 1608 526 poli
1642 473 1834 512 eleuatio-

538 537 595 578 ni.
661 535 892 579 Obseruetur
924 537 1003 576 iam
1040 536 1095 576 sol
1128 545 1214 578 ante
1256 536 1460 575 meridiem
1506 537 1545 575 in
1586 535 1638 585 S,
1681 534 1830 574 dabitur

539 612 650 641 arcus
683 596 758 641 ZS
801 599 1143 651 complementum
1185 598 1325 640 scilicet
1366 598 1578 640 altitudinis
1617 597 1730 650 loli53
1766 594 1831 638 PS

541 675 640 703 vero
673 663 726 702 est
757 661 1095 714 complementum
1129 662 1398 703 declinationis
1434 660 1547 711 solis,
1583 661 1684 713 quod
1705 669 1834 701 autem

545 738 627 766 non
654 726 789 776 datur,
826 736 917 764 cum
950 724 1040 764 solis
1071 724 1352 764 declinationes
1389 736 1459 776 pro
1480 724 1624 776 pune'to
1653 723 1832 762 meridiei

545 788 817 839 inueniantur‚
851 787 890 826 in
923 786 1192 834 obseruatione
1223 795 1354 826 autem
1390 785 1565 826 distantia
1606 799 1626 826 a
1671 785 1834 825 meridie

544 850 741 903 incognita
776 858 954 903 ponatur.
1019 848 1209 891 Ascendat
1239 849 1293 888 sol
1310 848 1359 889 ab
1378 858 1586 901 aequatore
1605 848 1731 888 versus
1758 848 1836 888 bo-

542 925 654 954 ream
673 927 686 966 3v
720 914 814 961 dum
851 912 968 967 igitur
999 923 1187 967 perpetuo
1219 915 1300 952 eius
1331 911 1538 950 declinatio
1571 911 1722 962 crescit,
1754 923 1835 950 non

547 976 588 1017 in
621 976 769 1021 circulo
797 975 984 1028 parallelo
1018 973 1103 1014 CD
1139 973 1389 1025 monebitur,
1432 972 1492 1012 sed
1528 973 1686 1026 oblique
1727 974 1838 1013 ince-

547 1038 614 1078 det
650 1038 714 1078 via
746 1050 816 1091 per
846 1037 992 1087 lineam
1025 1035 1151 1077 SOT
1183 1035 1516 1091 repraesentatam.
1584 1036 1671 1076 Post
1713 1037 1838 1083 meri-

546 1100 654 1141 diem
690 1112 810 1156 ergo,
851 1113 941 1141 cum
981 1099 1071 1145 solis
1109 1101 1247 1141 eadem
1298 1099 1462 1139 altitudo
1502 1098 1747 1151 obteruntur,
1780 1097 1838 1143 sol

549 1175 630 1204 non
665 1163 828 1215 amplius
858 1164 932 1209 erit
964 1163 1004 1208 in
1035 1163 1221 1223 parallelo
1253 1160 1288 1204 C
1298 1161 1364 1213 D,
1395 1162 1457 1205 sed
1490 1162 1529 1207 in
1565 1162 1642 1202 alio
1663 1160 1840 1214 superio-

549 1238 591 1266 re
624 1226 814 1280 proximo
845 1226 925 1276 cd,
957 1234 997 1265 et
1028 1226 1183 1278 quidem
1217 1226 1256 1270 in
1276 1225 1419 1278 punt‘iso
1439 1224 1501 1276 T,
1536 1226 1683 1265 cuiusa
1704 1223 1837 1271 zenith

548 1289 724 1329 distantia
756 1284 843 1328 ZT
875 1288 1040 1341 aequalis
1071 1289 1124 1331 est
1156 1289 1351 1329 distantiae
1383 1284 1482 1338 ZS,
1514 1288 1601 1340 quia
1617 1287 1839 1330 altitudines

547 1351 636 1399 solis
669 1352 708 1390 in
741 1350 767 1399 S
804 1361 844 1391 et
877 1351 914 1391 T
945 1349 1025 1391 sunt
1058 1352 1234 1404 aequales
1266 1349 1431 1403 positae,
1466 1360 1504 1389 et
1525 1346 1600 1397 ZS
1623 1359 1735 1404 atque
1754 1346 1835 1396 ZT

551 1413 691 1458 harum
722 1414 970 1464 altitudinum
1004 1412 1086 1456 sunt
1118 1413 1426 1466 ,complementa-

668 1509 695 1557 ξ.
745 1519 811 1546 10.
848 1508 1014 1570 Quando
1048 1508 1120 1548 hae
1153 1508 1327 1560 aequales
1367 1509 1455 1548 solis
1495 1508 1712 1548 altitudines
1760 1509 1837 1548 ob·-

549 1569 768 1620 seruantur‚
804 1581 1008 1611 momenta
1043 1570 1355 1611 obseruationum
1390 1584 1467 1624 ope
1501 1571 1593 1609 boni
1635 1570 1837 1623 horologii

549 1632 774 1673 oscillatorii
808 1632 1094 1684 diligentissime
1126 1633 1250 1672 notari
1282 1634 1435 1673 debent.
1501 1632 1672 1676 Vocatur
1708 1645 1838 1674 autem

551 1695 700 1735 bonum
734 1694 1018 1748 horologium,
1049 1695 1152 1747 quod
1186 1696 1436 1748 aequabiliter
1470 1706 1674 1743 mouetur,
1708 1706 1747 1736 et
1766 1709 1842 1750 pe·-

551 1758 707 1798 riodurn
741 1758 781 1796 in
815 1758 1018 1797 duodecim
1054 1757 1114 1797 seu
1149 1758 1291 1810 viginti
1323 1767 1485 1811 quatuor
1516 1758 1622 1798 horis
1653 1755 1839 1812 abibunt,

552 1820 703 1860 etiami-'1
736 1820 816 1859 eius
849 1819 943 1859 hora
978 1820 1207 1860 duodecima
1226 1834 1315 1861 rum
1337 1834 1432 1861 vero
1453 1822 1617 1861 meridie
1638 1834 1717 1861 non
1738 1835 1840 1862 con-

554 1893 688 1935 gruat3
725 1894 794 1934 per
827 1881 895 1921 has
926 1884 1032 1922 enim
1069 1882 1163 1935 ipsas
1195 1883 1482 1923 obseruationes
1514 1885 1715 1936 indagatur
1758 1885 1840 1925 dis⁴

550 1939 702 1996 crimen
735 1944 838 1984 inter
871 1943 1011 1985 horam
1052 1946 1325 1993 duodecimam
1366 1946 1563 1998 horologii
1612 1958 1651 1986 et
1700 1960 1838 1987 verum

556 2007 788 2061 meridiem,
826 2017 903 2062 quo
943 2007 1057 2062 paeto
1099 2007 1353 2065 horologium
1397 2008 1565 2071 perfecie
1607 2011 1836 2065 corrigitur9

1795 2081 1835 2117 et
