1941 2674
394 85 659 128 NONDVM
704 81 1054 126 DESCRIPTIS.
1302 95 1319 118 1
1334 95 1350 118 ι
1364 96 1383 117 ι

93 205 178 246 diis.
248 204 360 243 Hisce
394 204 613 244 corollariis
647 212 800 242 x-temur
836 203 873 241 in
908 211 1013 255 parte
1056 199 1167 239 huius
1220 197 1398 239 disserta-

93 269 211 309 tionis
242 268 361 308 altera
397 269 444 308 ad
478 268 719 320 problemata
755 265 1092 317 hydrodynamica
1125 263 1329 303 soluenda.

582 391 894 448 Scholium.

215 492 248 540 ξ.
290 499 358 537 17.
394 488 760 529 Demonstrationes
793 488 942 526 nostrae
975 487 1206 536 ostendunt,
1243 499 1398 540 propo-

101 554 258 595 sitiones
291 553 360 592 has
390 550 464 591 csse
497 550 776 603 generalissime
808 561 944 599 veras,
981 561 1115 601 easque
1150 552 1319 589 omnino
1361 549 1397 589 se

102 617 313 657 extendere
346 616 393 654 ad
428 614 551 654 caulas
586 613 855 663 mechanicas,
888 611 1023 665 quibus
1057 613 1223 652 directio
1257 623 1295 651 et
1324 624 1398 651 ve-

102 679 239 720 locitas
258 680 296 719 in
315 689 480 730 corpore
500 676 625 715 vbiuis
644 685 842 716 mutentur
857 706 869 726 ,
891 676 1166 728 qualescunque
1185 689 1196 728 '⁷
1230 675 1304 715 fine
1324 674 1397 714 sint

106 743 238 782 clastra
254 773 263 790 ,
297 741 370 780 siue
404 739 466 778 fila
487 751 626 791 corpus
646 738 833 778 trahentia
851 770 861 788 ,
897 739 975 778 fine
996 739 1183 792 impulsus
1203 747 1267 778 aut
1286 740 1399 791 quic-

105 805 195 858 quid
228 803 382 843 libuerit
413 802 542 852 aliud,
576 802 678 853 quod
711 803 814 841 idem
849 802 927 841 iam
962 803 1101 841 monui
1142 804 1170 851 ξ.
1216 814 1286 840 11.
1329 800 1398 840 vbi

105 866 216 908 slmul
249 864 435 918 promisi,
472 877 538 904 me
575 864 668 903 alias
701 877 852 918 quoque
885 877 1003 918 quam
1040 865 1288 918 tangentiales
1329 864 1400 904 ad-

103 929 316 970 hibiturum
337 928 413 967 esse
449 928 659 981 potentias,
690 929 867 980 corporis
898 928 1152 969 velocitatem
1187 936 1398 980 mutante53

102 1001 186 1032 tum
221 1001 266 1031 vt
298 992 612 1044 propositionum
646 990 909 1031 vniuersalitas
952 992 1076 1043 magis
1117 1001 1271 1044 pateat,
1313 1001 1399 1029 tum

101 1055 220 1095 etiam
258 1065 300 1094 vt
332 1064 539 1107 appareat,
573 1055 773 1106 quomodo
809 1055 848 1093 in
890 1053 968 1094 hoc
1002 1056 1165 1106 negotio
1199 1054 1399 1108 potentiae

101 1127 404 1160 momentaneae
434 1118 508 1158 sint
540 1118 800 1171 accipiendae.

228 1231 423 1271 Ponamns
455 1231 581 1284 itaque
614 1229 706 1269 loco
739 1229 1002 1284 potentiarum
1033 1230 1326 1282 tangentialium
1347 1230 1400 1278 ξς.

113 1304 183 1334 11.
235 1307 304 1333 12.
341 1304 379 1332 et
412 1293 516 1346 seqq.
553 1293 902 1342 consideratarum,
935 1305 1034 1332 nunc
1083 1294 1274 1345 potentias
1311 1293 1404 1332 alias

110 1367 303 1408 vtcnnque
337 1356 539 1395 variabiles
578 1369 608 1395 π
641 1367 781 1407 corpus
813 1355 955 1406 vbique
991 1356 1030 1394 in
1071 1356 1288 1395 directione
1332 1369 1404 1408 ap·-

111 1419 262 1471 plicatis
297 1418 477 1472 par-allelu
522 1417 791 1468 sollicitantes,
841 1417 1006 1470 reliquas
1040 1431 1136 1458 vero
1168 1419 1404 1458 denomina—

113 1482 240 1521 tiones
270 1491 310 1520 et
342 1479 574 1534 hypotheses
605 1479 840 1520 retineamus
869 1492 1005 1519 omnes
1048 1481 1242 1534 rursusque
1283 1481 1405 1520 theo-

114 1556 224 1585 rema
244 1535 473 1598 para'graphi
494 1543 713 1582 duodecimi
732 1543 1074 1583 demonstrandum
1097 1545 1348 1598 accipiamus.

230 1647 317 1687 Erit
350 1648 415 1688 hic
450 1647 593 1686 iterum
629 1647 806 1700 potentia
839 1657 1115 1688 momentanea
1156 1647 1204 1687 ab
1245 1648 1401 1689 ac'tione

115 1741 254 1770 curuae
285 1738 371 1770 orta
403 1730 444 1769 in
476 1728 689 1769 direstione
725 1725 807 1768 BG
821 1713 1009 1781 :fflyffffl'
1025 1737 1032 1764 :
1067 1728 1128 1768 sed
1148 1729 1323 1781 potentia
1344 1742 1377 1769 ’π
1392 1757 1405 1778 ,

115 1793 290 1845 quamuis
321 1805 388 1846 per
421 1792 457 1831 se
490 1791 708 1832 indifferens
741 1791 783 1831 sit
813 1792 859 1831 ad
877 1804 1017 1845 corpus
1036 1792 1076 1831 in
1095 1790 1311 1831 direfflone
1330 1786 1407 1830 BG

117 1855 356 1906 vrgendum,
391 1864 561 1895 attamen
598 1855 704 1894 vnita
745 1867 832 1894 cum
876 1855 1029 1895 afflone
1071 1866 1211 1894 curuae
1261 1852 1409 1906 aliquid

117 1918 291 1968 confert,
328 1927 605 1971 proptereaque
638 1916 857 1957 resoluenda
891 1918 943 1958 est
976 1919 1015 1958 in
1048 1917 1138 1956 duas
1157 1917 1274 1969 alias,
1308 1917 1410 1956 alte-

117 2011 203 2041 ram
236 2000 511 2053 tangentialem
549 1984 655 2053 Ξ-ζπ,
691 1999 853 2042 alteram
883 2000 932 2041 ad
962 2011 1118 2041 curu-am
1152 2000 1412 2055 perpendicu-

1315 2073 1404 2105 rem
