1941 2674
442 83 507 126 IN
537 81 709 127 TVBIS
739 82 1171 128 CAPILLARIBVS.
1377 96 1464 136 277

152 199 286 249 debis,
320 199 420 241 circa
448 201 688 255 superficiem
715 211 917 241 externam
939 202 1079 243 attrahi
1108 215 1246 256 aquam
1268 205 1306 243 in
1337 206 1463 246 forma

152 265 302 316 aggeris
322 265 457 304 eleuati
474 297 484 314 ,
503 266 537 320 f
557 264 678 318 <Exp.
696 269 781 313 14.)
798 297 808 314 ,
837 265 986 305 interne
1018 278 1111 306 vero
1131 280 1265 319 aquam
1288 267 1464 308 similiter

151 329 198 368 ad
228 327 471 367 altitudinem
506 330 695 380 quandam
728 328 794 366 ΒΖ)
828 327 1041 368 ascendere.
1107 329 1206 369 Non
1225 331 1382 370 dubium
1402 331 1464 371 hic

149 390 227 440 est,
261 391 351 442 quin
388 392 522 431 omnia
559 391 695 443 pune'ta
730 390 935 443 superficiei
971 402 1154 432 externae
1186 402 1299 446 atque
1339 395 1463 437 inter-

148 465 243 503 nae,
280 454 500 505 quibuscum
533 467 626 506 aqu-„1
660 453 868 501 cohaeret,
920 454 1001 492 vim
1046 454 1152 494 suam
1194 456 1462 508 attrastiuam‚

146 517 398 556 exercuerint.
465 516 724 567 Immcrgatur
743 517 889 556 tubulus
908 516 1150 567 profundius:
1186 517 1338 571 semper
1356 520 1463 560 idem

143 581 221 618 erit
253 579 577 631 plnenomenon,
608 579 778 618 ascendet
809 579 995 618 nimirum
1029 593 1125 634 aqua
1156 581 1308 621 interne
1335 583 1381 621 ad
1401 583 1463 622 ale

145 641 352 681 titudinem
385 640 473 691 Bd,
508 653 669 680 externe
704 651 837 681 autem
873 655 899 680 ε
944 654 976 693 g
1006 654 1143 694 vsiue:
1179 644 1387 684 dicendum
1409 644 1462 684 cst

143 705 283 756 igitur,
316 704 492 743 similiter
525 704 688 743 annulos
722 715 860 743 omnes
891 703 1225 756 peripheriarum,
1267 718 1362 758 quae
1398 705 1460 745 su-

141 765 344 819 perficiem
378 766 498 804 tubuli
532 766 727 811 internam
757 777 779 805 a
810 765 834 804 b
866 765 912 803 ad
946 765 993 815 cl,
1036 777 1076 804 et
1118 776 1320 806 externam
1363 768 1410 807 ab
1438 768 1471 823 f

139 829 188 868 ad
221 841 242 867 e
276 827 534 877 constituunt,
569 827 793 880 portionem
825 825 927 865 suam
968 825 1178 867 attraxisse.
1244 828 1362 884 Quod
1393 843 1460 870 ra-

140 890 346 930 tiocinium
379 890 518 931 itidem
550 902 689 930 verum
723 888 798 940 est,
832 888 858 928 sl
892 889 1043 930 tubulus
1076 890 1129 931 ita
1173 892 1455 946 immergatur,

137 962 181 995 vt
212 965 306 1007 aqu-„1
337 964 454 1005 vsque
485 954 533 992 ad
564 966 607 1002 e,
642 951 708 991 vel
739 963 859 1004 Vsque
891 953 938 992 ad
972 951 1236 994 summitatem
1257 955 1294 994 A
1325 955 1459 996 ascen-

135 1017 214 1057 dat.
281 1016 430 1072 Quodsi
465 1016 622 1056 tandem
656 1022 743 1054 ante
776 1014 1068 1056 immersionem
1088 1015 1251 1068 digitum
1272 1017 1458 1070 superiori

136 1078 298 1120 orificio
330 1080 368 1119 A
402 1078 647 1126 admoueris,
702 1089 750 1116 ne
783 1077 873 1129 quid
906 1089 1025 1129 aquae
1058 1079 1096 1118 in
1140 1079 1276 1119 tubum
1309 1081 1452 1134 intret,

134 1151 176 1182 et
207 1142 292 1196 post
327 1140 469 1181 factum
502 1141 726 1180 contaetum
757 1141 987 1191 retraxeris,
1019 1141 1167 1181 videbis
1185 1141 1232 1182 ab
1252 1143 1365 1182 omni
1384 1143 1453 1185 illa

134 1205 213 1245 lata
245 1204 323 1245 basi
355 1203 418 1244 Bc
447 1213 596 1256 guttam
630 1215 792 1256 aqueam
827 1201 1014 1256 suspendi.
1081 1204 1201 1259 Quod
1230 1206 1324 1246 item
1347 1208 1452 1247 acci·-

135 1268 218 1319 dit‚
253 1266 404 1307 inuerso
436 1266 598 1317 tubulo‚
632 1278 721 1306 curn
757 1264 832 1306 bafi
851 1266 920 1305 A.
983 1266 1086 1307 Tota
1104 1268 1215 1320 igitur
1233 1264 1449 1322 supezficles

133 1334 214 1372 tam
249 1331 392 1371 interna
423 1341 531 1383 quam
565 1336 720 1370 externa
733 1359 745 1379 ‚
779 1335 816 1369 et
844 1324 946 1381 bcgses
963 1328 1073 1370 tubuli·
1096 1330 1289 1384 capularis
1310 1343 1446 1385 aquam

134 1393 357 1446 attrahunt,
391 1393 533 1448 quando
564 1391 659 1434 haec
689 1394 792 1433 intra
810 1388 1021 1446 sphaeram
1051 1393 1259 1436 affinitatis
1283 1403 1448 1451 compre-

133 1455 320 1499 heriditter.

545 1546 929 1607 Corollarium
955 1565 1013 1618 ,L

245 1636 346 1694 Quia
383 1637 530 1676 interna
563 1635 685 1675 tubuli
720 1631 942 1688 superficies
975 1638 1093 1689 aeque
1135 1635 1295 1677 attrahit
1332 1644 1444 1691 atque

131 1702 206 1743 alia
238 1711 477 1754 quaecunque
509 1698 654 1738 lamina
689 1697 839 1752 vitrea3
873 1699 922 1738 de
952 1698 1089 1739 tubulis
1121 1711 1259 1740 verum
1278 1701 1355 1740 effe
1372 1702 1445 1741 de-

130 1765 222 1817 bet,
252 1763 430 1818 quicquid
466 1762 513 1802 de
553 1761 660 1801 vitro
697 1761 738 1800 in
755 1773 896 1813 genere
916 1760 1156 1815 praedicatur
1174 1759 1445 1816 propositione

129 1827 212 1868 IX.
235 1836 275 1868 et
293 1826 350 1866 X.
416 1824 515 1866 Hinc
548 1823 723 1874 tubquS,
759 1824 823 1876 qui
855 1821 973 1864 semel
1005 1837 1144 1878 aquam
1180 1827 1355 1877 attraxit,
1390 1826 1443 1866 il·-

128 1891 209 1933 lam
247 1902 329 1930 non
365 1897 491 1928 totam
526 1886 690 1928 dimittit
723 1884 966 1940 (Prop.IX.
987 1885 1035 1927 C.
1064 1890 1157 1941 1.);
1203 1898 1244 1928 et
1287 1885 1442 1942 q'uando

127 1955 169 1994 in
201 1953 334 1994 tubulo
364 1951 459 1992 sicco
491 1949 642 1990 inuerso
674 1950 860 2002 quantitas
896 1950 1053 1990 attraeta
1085 1949 1273 1991 delabitur
1292 1953 1338 1992 acl
1360 1953 1444 1992 ori-

127 2015 261 2059 ficium
295 2014 486 2068 alterum,
519 2013 587 2055 illa
618 2012 770 2064 semper
801 2011 942 2068 aliquid
974 2014 1020 2055 de
1054 2013 1162 2055 mole
1197 2013 1257 2055 sua
1277 2014 1438 2054 amittit.

693 2073 793 2118 Mm
830 2087 854 2127 3
1274 2076 1438 2121 Etiamfi
