1941 2674
536 96 619 134 20ss
654 90 737 134 DE
766 88 929 131 POMO
959 86 1046 129 EX
1072 86 1306 130 TRVNCO
1338 83 1582 127 ARBORIS
1599 84 1809 131 ENATO.

531 219 625 247 men
659 206 895 245 contrarium
930 205 1058 244 docet.
1102 204 1240 244 Rarius
1272 215 1321 241 ex
1355 202 1477 254 stipite
1497 202 1722 243 emittuntur
1740 205 1819 246 sur*

532 270 634 319 culi,
672 270 801 308 immo
832 267 910 306 fere
944 279 1136 317 nunquam
1170 266 1360 319 prodeunt
1399 277 1580 316 gemmae
1619 268 1817 318 grauidae,

532 333 586 372 ita
621 340 662 370 vt
694 332 765 370 vix
798 330 915 369 fidem
949 328 1152 367 iuueniffet
1186 328 1443 367 affirmatum&
1477 328 1539 366 edi
1572 325 1711 367 fruetus
1730 329 1820 369 inde

533 392 655 447 posse.
719 392 855 432 Immo
888 392 998 431 valde
1033 402 1193 441 vereor,
1228 403 1276 429 ne
1309 389 1556 440 physicorum
1592 392 1689 430 bene
1707 391 1823 431 multi

534 456 731 496 theoriam
764 454 1021 507 vegetationis
1056 453 1132 492 hoc
1164 452 1244 506 ipso
1280 453 1325 491 ad
1359 453 1557 493 absurdum
1592 451 1667 492 effe
1700 454 1824 494 dedu-

535 519 666 569 ἂπιη,
703 520 808 570 quod
855 517 944 556 inde
985 515 1233 567 consequatur
1275 515 1418 567 stipites
1458 515 1639 555 arborum
1681 516 1824 556 fruetus

534 582 632 622 ferre
664 581 787 633 poffe.
851 579 1065 619 Enimuero
1098 577 1301 618 difficultas
1335 579 1427 629 ista,
1466 579 1708 631 quantumuis
1739 579 1825 632 spe-

537 645 638 684 ciossi
673 644 870 693 videatur,
904 653 1037 681 reuera
1070 650 1203 681 tamen
1235 641 1337 680 nulla
1370 641 1435 680 est.
1502 641 1630 681 Multa
1669 641 1751 682 sunt
1783 643 1824 682 in

537 718 694 747 naturae
726 705 934 759 potestate,
966 716 1062 756 quae
1096 713 1227 743 tamen
1264 705 1310 743 ad
1346 704 1474 744 netum
1517 705 1685 744 minime
1726 717 1824 758 per-n

539 770 746 818 ducuntur,
782 767 1045 807 deficientibus
1078 767 1190 806 causis
1225 766 1353 806 aetum
1385 767 1752 806 determinantibus:
1784 768 1823 808 id

538 833 641 886 quod
682 832 827 871 dudum
876 830 998 883 quoad
1041 831 1329 881 vegetationem
1370 829 1570 869 luculentis
1610 831 1826 870 admodum

539 894 735 947 exemplis
765 893 879 932 docui
912 893 951 932 in
985 892 1218 931 Tentamine
1250 893 1298 931 de
1329 904 1420 931 vera
1451 891 1556 931 causa
1588 893 1829 945 multiplica-

541 957 658 996 tionis
701 955 899 995 frumenti.
968 953 1027 993 Ita
1069 955 1350 1006 experimentis
1389 967 1468 994 non
1512 954 1658 1006 minus,
1708 967 1825 1004 quam

542 1017 871 1058 obseruationibus
901 1016 1184 1068 comprobaui,
1220 1017 1259 1055 in
1297 1016 1493 1066 medulla,
1538 1030 1632 1068 quae
1676 1028 1827 1070 partem

542 1082 661 1121 caulis
697 1078 883 1119 nodosam
915 1079 1038 1131 replet
1070 1079 1110 1117 in
1143 1079 1277 1130 quouis
1307 1077 1490 1117 frumenti
1521 1090 1684 1130 genere,
1727 1093 1827 1120 con-

541 1144 657 1184 tineri
693 1142 879 1195 plmitulas
910 1141 981 1192 iis,
1018 1153 1115 1193 quae
1153 1151 1204 1180 ex
1240 1139 1384 1180 {emine
1420 1150 1669 1192 vegetantur,
1711 1154 1827 1194 pror—

542 1206 598 1246 sus
629 1205 793 1255 simileS,
825 1216 921 1257 quae
953 1213 992 1243 et
1029 1204 1173 1243 radices
1208 1215 1343 1256 agere,
1379 1213 1418 1242 et
1450 1204 1489 1242 in
1523 1204 1654 1243 aristas
1683 1215 1830 1260 ‘exere-

544 1268 646 1309 scere
684 1265 849 1320 possunt.
914 1265 1119 1308 Rarissirne
1156 1275 1286 1306 tamen
1322 1266 1360 1305 id
1398 1266 1566 1306 accidere
1611 1279 1730 1307 nemo
1775 1267 1829 1307 est

545 1332 611 1384 qui
649 1332 816 1382 ignorat.
883 1328 1000 1369 Nihil
1035 1329 1131 1367 adeo
1166 1328 1350 1380 singulare
1385 1329 1466 1379 est,
1505 1329 1630 1381 quod,
1666 1330 1829 1383 quaein

546 1393 750 1435 medullari
796 1391 932 1444 stipitis
969 1389 1166 1430 substantia
1211 1391 1357 1441 latent,
1411 1403 1657 1443 gemmarum
1714 1401 1828 1444 atque

547 1457 691 1496 florum
729 1455 947 1495 rudimenta
982 1454 1023 1494 in
1059 1453 1195 1494 statum
1231 1453 1464 1494 euolutionis
1500 1455 1667 1495 minime
1703 1464 1830 1495 trans-

545 1519 726 1559 ferantur.

1746 2111 1829 2157 DE
