1941 2674
527 68 616 120 402
839 56 1134 107 omarum
1166 53 1466 104 RVssrcAE.

713 184 754 220 et
785 186 863 222 tum
896 180 1049 230 mirifice
1069 175 1279 234 sperabant
1298 174 1345 232 se
1376 172 1441 230 effe
1474 174 1613 218 locutos
1632 206 1643 228 ‚
1694 187 1776 220 cum
1787 204 1801 229 ‚

1098 257 1276 304 quantum
1304 254 1502 303 poterant,

525 337 697 377 dicebant
724 334 903 384 Scythas,
965 336 1021 374 At
1047 330 1208 385 Scythae
1240 333 1310 372 illis
1338 342 1376 372 et
1401 330 1606 373 Cimmerii
1631 342 1669 376 et
1694 332 1808 374 Hun-

525 400 565 439 ni
596 409 635 438 et
665 399 829 447 Auares,
863 397 988 447 Slaui,
1023 394 1165 446 Getae,
1201 393 1384 446 Chazari,
1421 396 1672 447 Pazinacitae‚
1708 396 1809 448 Vzi,

525 458 708 502 Germani
745 472 781 501 ot
816 462 879 514 qui
913 456 1016 500 nou?
1051 460 1257 501 Anastasius
1288 457 1445 499 Sinaita:
1482 454 1658 498 Σκυθιαν
1688 456 1810 502 δἐιώ-

526 523 617 566 θασι
655 524 783 565 καλὲἶν
816 521 847 563 ὁι
883 519 1046 565 παλαιόι
1079 519 1127 563 τὸ
1171 520 1306 577 κλίμα
1345 516 1480 562 οἵω-αν
1522 518 1678 577 βόρειον
1720 520 1807 564 ἔνθα

523 588 616 630 izo-tv
641 586 672 628 ὁι
701 586 842 629 Γότθοι
872 589 899 642 3}
931 583 1108 635 Δάνμς,
1143 585 1340 637 Scythiam
1361 582 1531 640 fidebant
1562 596 1709 629 veteres
1740 598 1809 627 vo-

523 663 615 692 care
645 651 754 692 clima
784 658 895 692 totum
914 647 1234 704 septemtrionale,
1270 649 1335 690 vbi
1351 646 1441 702 sunt
1471 646 1586 689 Gothi
1616 655 1653 689 et
1684 647 1810 691 Dani.

523 712 565 756 Si
597 714 755 755 humani
796 714 937 766 generis
974 713 1094 753 isthoc
1134 724 1274 752 nomen
1305 712 1356 752 est
1377 742 1387 761 ‚
1438 712 1623 764 patiamur
1655 709 1813 762 Scythas

523 779 597 818 dici
629 779 744 818 etiam
778 776 938 819 Ruffos:
985 776 1037 816 sm
1072 775 1270 815 mediocris
1302 774 1458 828 populus
1489 775 1588 814 fuere
1619 772 1809 826 Scythae,

522 841 645 894 pudor
678 841 719 880 sit
754 840 859 879 nobis
878 869 888 888 ‚
942 848 1001 878 tot
1031 838 1190 891 populos
1221 846 1301 877 tam
1333 836 1488 877 diuersos
1519 846 1597 877 tota
1634 838 1707 877 fere
1743 851 1812 879 na-

523 912 625 950 tura,
659 903 703 942 ad
736 903 895 941 eandem
927 901 1080 953 stirpem
1113 900 1247 940 referri.
1327 898 1400 939 Sed
1433 899 1512 939 satis
1543 901 1619 940 iam
1654 901 1700 940 de
1733 901 1810 942 hoc

523 976 649 1004 errore
682 965 720 1004 in
746 963 926 1014 Scythicis
960 963 1140 1002 diximus.
1206 961 1289 1003 Cur
1320 970 1443 1002 autem
1471 962 1575 1003 Ruffi
1601 963 1812 1016 Tauroscy-

523 1023 646 1067 thae?
696 1027 843 1067 Tauros
877 1025 1092 1065 Herodotus
1124 1037 1145 1065 a
1176 1022 1327 1075 Scythis
1358 1024 1524 1064 distinxit
1542 1054 1553 1071 ‚
1599 1026 1812 1067 vetustiores

523 1090 696 1130 videlicet
722 1090 784 1129 illa
813 1089 851 1128 in
878 1087 1148 1136 cherrhoneso,
1185 1086 1280 1127 forte
1307 1084 1511 1127 Cimmerii
1539 1089 1689 1140 generis.
1755 1090 1812 1131 At

525 1153 676 1193 tandem
710 1151 867 1203 Scythas
899 1150 961 1191 illa
992 1152 1030 1191 in
1064 1151 1225 1190 Taurica
1257 1150 1407 1190 coluiffe
1443 1151 1602 1190 ostendit
1634 1151 1812 1193 Herodo-

524 1224 597 1256 tus:
630 1227 740 1268 quare
770 1213 1042 1265 Tauroscythas
1075 1214 1205 1253 dixere
1232 1209 1405 1253 Graeculi
1433 1212 1591 1265 Scythas
1617 1215 1655 1254 in
1682 1215 1812 1256 cherr-

523 1278 667 1318 houcso
699 1287 736 1317 et
768 1272 1059 1329 Σκυθοταύεες
1081 1306 1091 1325 ,
1142 1285 1189 1317 vt
1219 1276 1396 1317 Arrianus
1435 1277 1473 1316 in
1513 1278 1663 1331 periplo
1700 1278 1827 1333 Pontii

524 1341 662 1382 Euxini
693 1343 768 1393 (y).
834 1339 969 1392 Neque
1002 1349 1130 1379 tamen
1162 1339 1222 1380 hic
1256 1339 1420 1380 constitit
1450 1352 1564 1392 vagus
1595 1352 1720 1390 error,
1753 1342 1812 1383 sed

524 1404 611 1444 inde
646 1403 913 1444 tantummodo
949 1403 1135 1456 profectus
1154 1432 1167 1452 ‚
1217 1397 1302 1442 toto
1333 1401 1611 1456 Septemtrione
1645 1405 1815 1458 peregri-

526 1476 629 1507 natus
660 1467 726 1506 est.
823 1466 926 1506 Nam
960 1466 1129 1506 Taurum
1167 1477 1343 1506 montem
1377 1466 1540 1519 aliquem
1575 1468 1708 1508 deinde
1740 1468 1812 1509 effe

525 1530 585 1570 sub
613 1530 767 1569 boream
796 1529 1003 1578 credidere,
1038 1529 1183 1581 decepti
1208 1529 1445 1569 similitudine
1471 1541 1635 1581 vocum,
1671 1531 1810 1582 Tauri,

527 1594 588 1646 qui
622 1605 733 1632 mons
764 1593 801 1631 iu
834 1592 919 1632 Asia
952 1593 1004 1632 est
1036 1601 1074 1631 et
1104 1591 1286 1632 Tauricae
1317 1593 1461 1645 gentis,
1501 1593 1616 1633 veluti
1647 1607 1740 1647 quae
1771 1595 1812 1634 in

525 1656 657 1695 Tauro
687 1656 796 1696 colat.
860 1654 1072 1695 Eustathius
1102 1654 1431 1697 Theffalonicenfis
1463 1658 1523 1706 (z)
1555 1656 1701 1697 huiusce
1734 1659 1813 1698 Ar-

528 1719 607 1759 c‘toi
640 1720 781 1758 montis
813 1718 1048 1758 mentionem
1077 1718 1142 1758 fibi
1168 1717 1261 1758 visus
1284 1718 1335 1758 est
1362 1718 1458 1771 apud
1486 1718 1724 1761 Herodotum
1750 1733 1815 1761 re-

529 1782 671 1835 perisse.
753 1780 859 1821 Nam
892 1793 979 1820 cum
1011 1781 1180 1828 dixiffct,
1216 1793 1238 1821 a
1271 1781 1400 1822 Tauro
1430 1782 1468 1821 in
1503 1782 1590 1823 Afia
1624 1783 1809 1825 diuersum

529 1846 616 1884 effe.
678 1844 846 1883 Taurum
883 1844 1096 1893 borealem,
1133 1840 1166 1883 ὁι
1198 1838 1428 1889 δ’ἐνἿαῦΘα,
1473 1845 1608 1898 inquit,
1650 1842 1810 1903 Σκύθας

526 1904 817 1963 Ταυροσκύθοᾳ
844 1902 1040 1963 λέγονἿοᾳ
1068 1902 1174 1947 ἀπὸ
1202 1905 1255 1948 τὲ
1277 1906 1350 1948 en&
1366 1902 1511 1961 Ταύᾶε
1533 1903 1654 1963 ἔρως,
1689 1902 1809 1965 ζ”ωέρ

1731 1962 1812 2015 ’ὧδε

607 2071 610 2073 ’
665 2082 730 2121 (y)
754 2092 842 2121 pm.
921 2083 979 2123 (ι)
1002 2085 1035 2113 ln
1056 2082 1220 2123 Dionysium
1243 2092 1271 2117 v.
1294 2084 1360 2116 1⁶8.
