1941 2674
510 130 535 158 2
540 119 601 168 96
844 111 926 157 DE
946 110 1207 157 ASCENSV
1241 111 1425 175 AQVAE

504 230 647 272 efficax
679 238 904 284 permanet,
935 242 956 270 a
986 243 1058 283 qua
1089 243 1227 271 omnes
1270 232 1436 284 reliquae
1475 229 1652 271 lamellae
1693 229 1817 272 subse-'-

505 305 662 347 quentes
693 294 735 333 vi
764 303 920 333 mutuae
954 293 1192 332 attractionis
1223 295 1492 346 particularum
1521 305 1727 346 aquearum
1748 296 1817 334 de·-

506 357 689 410 pendent.
754 355 871 394 Totus
903 356 1018 407 igitur
1049 355 1289 407 cylindrum,
1326 364 1391 410 ope
1428 355 1597 396 lamellae
1625 353 1720 409 suae
1745 353 1817 410 su-

499 427 653 475 premae
682 431 708 458 a
726 413 802 472 solo
838 417 965 458 annulo
999 417 1192 458 canalimli
1210 415 1380 472 supremo
1401 415 1645 474 ‚sctflvendituln

1003 477 1315 546 Schfflinm,

619 563 662 605 Si
693 565 755 604 cui
787 563 943 604 libuerit
973 564 1072 602 inter
1103 562 1266 604 caussam
1303 563 1555 616 suspensionis
1593 563 1712 603 etiam
1751 575 1817 604 re-

504 627 602 668 serre
633 627 945 667 sollicitationem
976 627 1200 667 continuam
1234 627 1365 666 annuli
1399 627 1513 666 vitrei
1539 628 1729 678 >proxime
1756 627 1819 666 su-

506 691 671 744 perioris
703 688 977 742 iPr.XX1.);
1013 689 1118 727 cuius
1155 689 1363 742 praesentia
1399 689 1531 741 negari
1561 700 1642 727 non
1675 688 1814 741 potest,⁴

506 753 572 792 etsi
604 752 650 791 ad
685 752 895 803 plenarium
927 750 1117 792 ascensum
1152 751 1442 804 producendum
1484 749 1716 790 insufficiens
1748 752 1815 792 sit:

505 815 683 867 equidem
719 826 797 852 non
831 814 1044 852 admodum
1084 812 1333 865 refragabor3
1387 812 1447 852 sed
1488 813 1705 853 meminisse
1756 823 1817 852 ta·-

506 889 599 916 men
621 885 815 928 oportet,
850 875 948 914 hanc
985 871 1148 914 caussam
1191 875 1435 925 euanescere,
1478 875 1632 927 quando
1673 875 1819 915 tubulus

507 938 662 978 breuior
698 948 759 976 aut
794 947 895 975 certe
935 949 1014 976 non
1055 937 1212 988 longior
1254 937 1329 988 est,
1370 949 1487 990 quam
1530 937 1720 989 altitudo,
1769 937 1817 980 ad

508 1012 622 1053 quam
654 1012 750 1051 aqua
785 999 826 1037 in
858 998 929 1037 illo
961 997 1160 1037 ascendere
1194 997 1329 1050 poffet.

925 1056 1300 1112 Corollarium
1336 1074 1378 1120 1,

620 1140 735 1197 Falsa
769 1143 818 1198 est
853 1142 968 1193 igitur
993 1144 1185 1198 propofitio
1221 1143 1820 1197 Hauksbejana(Pr.XX.Cor.),‘

505 1207 658 1261 quando
691 1209 737 1246 de
771 1203 893 1245 caussa
926 1204 1173 1258 suspensionis
1204 1217 1323 1258 aquae
1355 1209 1432 1245 iam
1453 1205 1622 1246 eleuatae
1641 1217 1680 1246 ct
1698 1207 1823 1259 quies-¹

507 1271 627 1310 centis
659 1269 865 1322 quaeritur.
929 1268 965 1308 E
995 1268 1191 1308 contrario
1226 1280 1323 1308 vera
1356 1268 1403 1324 est
1433 1271 1624 1323 propofitio
1651 1270 1822 1310 Iurim‘a-

508 1345 558 1373 na
589 1332 694 1385 supra
737 1331 872 1379 allata,
924 1330 951 1370 fi
1000 1331 1093 1370 duas
1143 1331 1308 1370 cautelas
1355 1330 1584 1371 adhibueris.
1648 1331 1824 1384 Oportet

506 1396 611 1435 enim
646 1393 882 1434 meminisse:
916 1394 1074 1446 primo,
1106 1393 1172 1433 etsi
1204 1392 1432 1432 canaliculus
1471 1405 1491 1432 a
1525 1394 1638 1434 nobis
1675 1394 1822 1447 suppo-

508 1458 595 1499 fitus
627 1455 860 1496 tenuiffimus
880 1455 946 1507 fit,
981 1465 1024 1495 vt
1045 1455 1162 1495 massa
1182 1464 1266 1495 tota
1288 1468 1421 1508 parum
1441 1453 1592 1496 differat
1610 1456 1693 1501 (Pr.
1715 1455 1818 1498 XV.

510 1519 609 1560 Cor.
638 1523 730 1571 2.)·‚
769 1528 897 1557 tamen
931 1531 1011 1558 non
1045 1530 1207 1557 omnem
1240 1530 1402 1569 aquam,
1441 1517 1500 1557 sed
1533 1517 1655 1559 solum
1691 1518 1823 1570 cylin⁴

509 1582 663 1622 drulum
699 1582 746 1621 ab
779 1580 848 1620 illo
882 1580 1025 1620 anrmlo
1056 1581 1183 1620 vitreo
1214 1579 1423 1620 sustentari:
1466 1580 1628 1630 deinde,
1678 1581 1822 1621 susten-

507 1645 696 1685 tationem
730 1644 836 1683 illam
872 1643 937 1682 vel
968 1642 1248 1695 suspensionem
1283 1655 1361 1682 non
1395 1643 1621 1683 immediate
1653 1655 1673 1683 a
1701 1644 1741 1683 vi
1760 1651 1822 1683 at-

507 1707 667 1747 trama-„1
701 1706 831 1746 annuli
866 1706 1003 1756 vitrei,
1042 1704 1102 1744 sed
1134 1707 1326 1755 mediate,
1365 1717 1440 1758 ope
1482 1706 1613 1746 annuli
1653 1704 1822 1758 supremi

507 1769 707 1810 canaliculi
747 1768 881 1820 aquei,
914 1768 1057 1820 peragi.
1138 1765 1320 1808 Correera
1361 1768 1478 1819 igitur
1508 1768 1572 1807 ista
1605 1768 1823 1821 propositio

509 1832 562 1871 ita
594 1830 791 1870 enunciari
824 1830 966 1882 potest:
1000 1828 1231 1882 Cylindrulus
1266 1841 1400 1884 aqueus
1435 1831 1472 1870 in
1505 1829 1622 1870 tubulo
1646 1829 1822 1884 capillari

502 1889 695 1948 fitstinetur
726 1891 835 1947 [upra
867 1892 1023 1933 libellam
1053 1894 1095 1933 vi
1110 1893 1314 1934 attraeliua
1331 1889 1537 1948 supeificiei
1561 1894 1677 1933 tenuis
1703 1899 1820 1932 annm·v

513 1956 611 1997 laris
641 1958 805 1997 internae
838 1955 949 1996 tubuli
962 1986 973 2007 ‚
1011 1956 1192 1996 mediante
1221 1955 1348 1996 annulo
1382 1955 1575 1997 canaliculi
1600 1957 1728 2008 aquei,
1753 1955 1821 1994 *cui

503 2014 650 2074 stemma
667 2014 1017 2076 qylindrulificspenst
1024 2015 1235 2074 supefficies
1251 2017 1421 2064 cohaeret
1436 2025 1474 2061 et
1501 2019 1666 2073 contigua
1692 2017 1769 2119 estc

1769 2089 1821 2120 0-
