1941 2674
518 125 573 163 30
610 111 688 153 DE
721 105 1243 152 OSCJLLATIONIRVS
1284 104 1405 147 FILI
1447 98 1723 142 FLEXILIS

737 223 1590 351 OSCILLKPHONIBVS

525 388 635 430 -FILI
669 388 926 431 FLEXILIS
977 384 1373 443 QVOTCVNQVE
1410 377 1797 425 PONDVSCVLIS

1042 457 1272 499 oNVSTI.
1726 465 1728 467 ·

1044 539 1281 575 AVCTORE

950 597 1137 659 Leonh.
1177 596 1389 658 Ειιίενο.

1113 723 1147 771 ξ.
1187 732 1227 760 1.

337 790 689 965 'rabbJLuLIAm
725 824 812 855 ante
845 814 1066 868 complures
1098 826 1232 864 ann08‚
1265 826 1353 853 cum
1398 812 1457 854 CI.
1494 810 1715 854 Bernoullius
1745 809 1813 852 hic

644 888 979 928 commoraretur,
1012 878 1180 930 quaestio
1214 881 1314 916 inter
1336 889 1404 916 nos
1423 876 1636 927 incidebat,
1662 875 1709 915 de
1727 886 1818 915 cur‘

645 952 775 980 uatura
807 950 963 980 catenae
998 941 1098 980 circa
1135 941 1301 980 alterum
1321 941 1532 980 terminum
1553 938 1678 979 fixum
1704 936 1820 977 oscilae

537 1004 663 1045 lautis.
731 1003 987 1056 Experientia
1020 1013 1150 1042 autem
1185 1014 1255 1041 nos
1286 1002 1449 1042 docebat
1479 1015 1611 1042 curuas
1642 1001 1821 1041 maxime

538 1066 768 1117 irregulares
800 1078 936 1118 easque
965 1065 1227 1105 diuerfiffimas
1260 1063 1494 1116 satisfacere,
1533 1077 1583 1104 ex
1611 1076 1688 1116 quo
1724 1074 1824 1115 pro-

538 1129 668 1170 blema
689 1141 767 1167 non
788 1128 909 1167 solum
932 1128 1211 1167 difficillimum
1227 1158 1238 1177 ,
1271 1128 1331 1166 sed
1352 1129 1470 1168 etiam
1494 1129 1593 1168 vires
1611 1126 1822 1177 humanas,

539 1191 609 1233 nisi
635 1190 822 1230 restrictio
849 1190 1097 1241 adhibeatur,
1132 1190 1360 1243 exsuperans
1379 1191 1643 1230 iudicauimus.
1710 1187 1823 1228 Hanc

541 1255 593 1294 ob
626 1265 711 1293 rem
744 1253 885 1293 nostras
921 1253 1178 1305 cogitationes
1208 1254 1254 1292 ad
1286 1251 1828 1304 oscillationesinfinite-par-

543 1329 609 1357 uas
642 1325 792 1356 tantum
826 1317 1071 1365 aduertimus,
1107 1328 1181 1368 quo
1214 1314 1297 1354 casu
1330 1314 1561 1355 solutionem
1597 1314 1723 1354 multo
1744 1314 1829 1353 mi-

545 1392 614 1419 nus
651 1378 791 1418 laboris
825 1380 1015 1431 requirere
1048 1377 1159 1417 facile
1193 1378 1514 1430 praeuideramuS.
1582 1377 1722 1430 Neque
1756 1388 1828 1416 ve-

546 1454 594 1481 ro
627 1440 694 1480 his
727 1441 874 1480 infinite
907 1454 1040 1493 paruas
1072 1440 1328 1480 oscillationes
1363 1453 1503 1481 omnes
1535 1440 1708 1493 persequi
1736 1439 1827 1478 ido-

548 1516 663 1544 neum
699 1503 821 1543 visum
855 1504 935 1554 est,
970 1503 1030 1543 sed
1069 1516 1129 1543 eas
1160 1503 1366 1553 duntaxat,
1410 1505 1451 1542 in
1492 1503 1625 1556 quibus
1665 1502 1832 1554 singulae

548 1576 704 1607 catenae
737 1577 862 1620 partes
895 1567 1004 1606 simul
1038 1567 1084 1606 ad
1117 1566 1260 1605 lineam
1294 1565 1519 1606 verticalcm
1563 1575 1741 1618 tanquam
1780 1564 1832 1603 ad

553 1629 685 1668 statum
721 1630 933 1668 naturalem
968 1629 1209 1681 perueniunt.
1274 1627 1574 1668 Obseruauimus
1607 1628 1713 1667 enim
1751 1627 1836 1666 sae-

551 1693 632 1748 pius
664 1692 862 1741 accidere,
897 1701 939 1730 vt
972 1701 1103 1730 catena
1137 1690 1311 1729 oscillans
1343 1703 1539 1743 nunquam
1575 1701 1656 1730 tota
1689 1691 1730 1729 in
1770 1689 1835 1729 di-

554 1754 706 1793 rec'tum
749 1754 1001 1804 extendatur,
1064 1766 1184 1806 neque
1233 1753 1314 1792 eius
1366 1762 1491 1805 partes
1534 1766 1673 1794 omnes
1716 1751 1832 1793 simul

555 1829 624 1869 per
657 1817 800 1855 lineam
836 1817 1060 1857 verticalem
1093 1815 1306 1868 transeant3
1342 1815 1450 1855 facile
1470 1826 1599 1857 autem
1633 1815 1836 1870 praeuide-

556 1880 690 1919 bamus
723 1879 980 1918 oscillationes
1017 1880 1133 1920 initio
1166 1879 1217 1918 ita
1258 1880 1467 1931 temperari
1507 1878 1640 1932 poffe,
1681 1889 1725 1919 vt
1765 1879 1837 1918 sm-

557 1942 669 1994 gulae
704 1951 829 1993 partes
862 1941 975 1981 simul
1004 1942 1050 1981 ad
1085 1942 1230 1981 lineam
1264 1943 1486 1982 verticalem
1522 1943 1591 1982 smt
1632 1950 1840 1995 peruentu-

559 2016 638 2045 ωε.
703 2004 769 2045 Ex
802 2005 935 2059 quibus
971 2004 1125 2060 sequens
1156 2004 1412 2048 formauimus
1450 2006 1680 2061 problema,
1717 2003 1836 2045 Inue-

1750 2066 1833 2108 nire
