1941 2674
441 90 445 96 '
507 124 597 165 340
619 110 698 152 DE
723 104 1161 151 CIRCVLATIONE
1195 103 1514 149 SANGVINIS
1547 103 1670 150 cAP.
1690 108 1784 151 ιιι.

505 235 548 266 tu
567 224 753 277 sanguinis
773 223 954 264 maximo
968 255 979 275 ,
1012 223 1089 263 hoc
1111 224 1163 264 est
1176 255 1187 275 ,
1222 224 1261 263 in
1279 225 1416 276 vigore
1436 224 1549 263 febris
1566 254 1577 274 ,
1611 234 1650 264 et
1668 225 1706 264 in
1727 238 1823 266 mo-

505 297 547 328 tu
568 289 737 328 minimo
751 318 761 337 ,
796 287 982 326 nimirum
1006 288 1044 325 in
1063 287 1225 327 articulo
1245 289 1384 327 mortis
1400 296 1619 326 occurrunt.
1685 286 1731 326 In
1750 288 1822 328 illo

505 352 613 390 enim
634 350 779 401 sanguis
799 362 878 388 non
899 349 1021 390 solum
1044 350 1082 388 in
1103 350 1261 389 vltimas
1278 350 1434 389 arterias
1457 349 1519 389 sed
1539 359 1577 388 et
1603 350 1644 388 in
1663 350 1749 389 vasa
1767 349 1825 389 se-

507 412 590 453 tosa
627 412 867 465 impellitur,
903 414 942 451 in
977 412 1054 451 hoc
1082 422 1235 461 autem,
1273 411 1439 464 pulsante
1476 413 1566 451 licet
1600 412 1716 451 corde
1731 443 1742 463 ,
1774 424 1824 451 ne

507 476 666 527 quidem
689 477 726 513 in
747 475 896 515 arteriis
915 475 1092 514 minimis
1112 473 1235 528 pulsus
1257 474 1433 514 sentitur:
1480 476 1518 513 id
1560 475 1662 526 quod
1696 474 1828 514 mani-

507 537 602 577 festo
622 538 674 577 est
695 539 837 577 iudicio
851 569 861 588 ,
900 538 1007 590 poss'e
1029 538 1220 590 impetum
1243 536 1428 589 sanguinis
1448 549 1468 575 e
1498 537 1611 576 corde
1642 549 1828 590 prorum-

508 601 633 654 pentis
653 613 751 640 nunc
773 602 914 640 maiori
934 613 1030 640 nunc
1051 600 1195 640 minori
1216 599 1356 639 maffae
1376 600 1598 652 languine-ae
1627 600 1829 652 imprimi,

509 664 589 703 dari
609 664 726 715 igitur
747 665 959 703 terminum
979 664 1145 716 aliquem
1168 664 1342 702 medium
1359 694 1369 712 ,
1390 663 1435 701 ad
1455 675 1567 715 quem
1590 672 1721 702 motus
1739 673 1831 701 me-

511 726 653 765 diocris
673 726 733 765 seu
752 726 932 766 naturalis
952 727 1174 778 perueniat,
1209 736 1248 764 et
1267 726 1464 778 probabile
1485 723 1559 764 efl‘e
1573 755 1584 774 ,
1623 724 1721 764 hunc
1748 734 1829 763 ter-

511 789 666 829 minum
687 788 785 828 circa
805 791 1095 827 connexionem
1112 789 1338 827 arteriarum
1358 798 1397 826 et
1427 800 1612 827 venarum
1640 787 1832 838 inueniri,

512 851 613 890 vnde
633 850 871 902 sequeretur,
908 852 948 889 in
968 860 1080 890 motu
1100 850 1262 889 naturali
1280 862 1359 888 non
1381 851 1503 889 modo
1531 849 1655 889 solum
1682 850 1834 901 sangui-

511 925 607 952 nem
625 913 850 952 arteriosum
870 914 909 952 vi
930 913 1053 952 cordis
1074 913 1265 965 propelli,
1299 912 1360 951 sed
1390 923 1428 950 et
1455 911 1557 950 hunc
1586 912 1708 964 ipsum
1738 924 1834 951 mo-

512 983 598 1014 tum
614 975 892 1014 tantummodo
911 974 1108 1014 successiae
1128 975 1237 1022 fieri,
1273 983 1361 1013 vtut
1379 975 1623 1013 interuallum
1643 974 1837 1026 temporis

512 1037 726 1076 minimum
748 1037 804 1087 fit,
827 1049 897 1075 nec
921 1038 1116 1079 rationem
1137 1036 1317 1088 aflignare
1338 1037 1534 1076 valeamus
1552 1037 1836 1089 distantiarum,

512 1099 717 1142 secundum
738 1112 854 1152 quam
876 1099 942 1138 ista
963 1097 1135 1139 succeffio
1155 1098 1236 1137 fiat.

632 1171 664 1218 §.
689 1182 732 1217 9.
768 1170 883 1225 Quod
905 1170 1066 1222 denique
1086 1170 1133 1209 ad
1153 1171 1404 1222 quantitatem
1425 1169 1591 1209 actionis
1617 1170 1748 1210 cordis
1775 1179 1837 1210 at-

517 1230 638 1283 tinet,
671 1234 800 1271 omnis
820 1245 878 1272 res
898 1245 946 1272 eo
966 1234 1089 1284 redit,
1125 1242 1168 1272 vt
1186 1233 1275 1273 iusta
1296 1242 1334 1271 et
1353 1233 1565 1275 commoda
1592 1233 1644 1287 ζξ.
1663 1238 1734 1284 6.)
1766 1246 1839 1286 ap-

513 1294 679 1346 plicatio
697 1294 808 1335 huius
825 1295 1022 1348 potentiae
1042 1297 1278 1346 inueniatur,
1298 1308 1394 1347 quae
1413 1295 1460 1335 ad
1481 1296 1690 1335 naturalem
1712 1295 1838 1335 astio-

517 1369 611 1396 nem
633 1358 761 1396 cordis
781 1359 820 1397 in
840 1357 1061 1409 sanguinem
1083 1371 1198 1410 quam
1219 1359 1402 1411 proxime
1430 1358 1591 1397 accedit.
1657 1358 1738 1400 Cel.
1768 1359 1838 1399 Iu*

518 1421 621 1459 rinus
638 1419 834 1460 ac‘tionem
855 1420 983 1460 cordis
1002 1422 1054 1460 ita
1073 1421 1207 1460 animo
1227 1421 1412 1473 concepit
1426 1451 1437 1470 ,
1473 1421 1574 1473 quasi
1596 1420 1662 1460 illa
1690 1430 1772 1461 tota
1797 1422 1840 1460 in

518 1494 637 1521 vnum
658 1483 776 1522 ictum
805 1493 1051 1523 concentrata
1072 1481 1187 1536 esset,
1222 1496 1318 1536 quae
1340 1482 1551 1523 methodus
1577 1485 1839 1535 quemadmo-

518 1544 612 1584 dum
633 1545 799 1585 aliorum
818 1546 1055 1597 institutum,
1090 1548 1155 1599 qui
1181 1547 1374 1586 actionem
1403 1558 1489 1587 cum
1520 1546 1707 1598 preffione
1738 1559 1841 1599 pon—-

517 1607 620 1647 deris
637 1607 796 1647 alicuius
815 1619 1058 1661 comparant,
1089 1609 1222 1649 multis
1242 1608 1455 1661 parasangis
1473 1610 1681 1658 antecedit,
1701 1618 1840 1662 vtpote

520 1670 569 1709 ad
595 1672 893 1723 concipiendam
923 1681 1034 1724 atque
1061 1672 1337 1712 aestimandam
1368 1681 1500 1724 motus
1545 1673 1840 1722 generationem

521 1733 651 1772 multo
672 1733 921 1772 fauorabilior
939 1746 982 1773 ac
1003 1736 1166 1774 certior:
1200 1736 1252 1775 ita
1271 1734 1397 1774 multo
1416 1734 1626 1786 perfectior
1644 1735 1841 1786 euaderet,

521 1795 549 1835 s1
568 1796 614 1834 ad
644 1795 885 1836 succesfiuam
913 1796 1216 1849 applicationem
1243 1798 1408 1837 laterum
1435 1797 1562 1836 cordis
1589 1796 1660 1836 sese
1686 1806 1845 1836 contra-

521 1856 702 1898 hentium
723 1869 761 1898 et
780 1860 818 1898 in
839 1858 1059 1910 sangninem
1081 1861 1378 1900 accumbentem
1396 1860 1696 1911 impingentium
1712 1859 1844 1899 reduci

521 1918 672 1972 posiet,
699 1922 1031 1972 quemadmodum
1060 1923 1101 1962 in
1131 1921 1229 1976 Cap.
1253 1921 1306 1962 II.
1328 1924 1359 1972 §.
1383 1935 1454 1971 23.
1476 1922 1666 1973 indicaui3
1700 1922 1842 1974 quippe

524 1994 620 2036 quae
639 1984 895 2026 consideratio
913 1996 1004 2026 cum
1024 1985 1181 2029 ac‘tione
1199 1985 1362 2028 naturali
1381 1985 1542 2041 propius
1561 1985 1804 2026 conueniret.

1669 2075 1704 2119 C
1709 2072 1838 2121 LAS-
