<?xml version="1.0" encoding="UTF-8"?>
<!DOCTYPE html PUBLIC "-//W3C//DTD XHTML 1.0 Transitional//EN"
    "http://www.w3.org/TR/xhtml1/DTD/xhtml1-transitional.dtd">
<html xmlns="http://www.w3.org/1999/xhtml" xml:lang="en" lang="en">
 <head>
  <title>
</title>
<meta http-equiv="Content-Type" content="text/html;charset=utf-8" />
  <meta name='ocr-system' content='tesseract 3.04.00' />
  <meta name='ocr-capabilities' content='ocr_page ocr_carea ocr_par ocr_line ocrx_word'/>
</head>
<body>
  <div class='ocr_page' id='page_1' title='image "./commentariiacade08impe_0067.png"; bbox 0 0 1941 2674; ppageno 0'>
   <div class='ocr_carea' id='block_1_1' title="bbox 345 142 1396 205">
    <p class='ocr_par' dir='ltr' id='par_1_1' title="bbox 345 142 1396 205">
     <span class='ocr_line' id='line_1_1' title="bbox 345 142 1396 205; baseline -0.005 -17"><span class='ocrx_word' id='word_1_1' title='bbox 345 142 770 205; x_wconf 55' lang='lat' dir='ltr'><em>AEQVATIONEM</em></span> <span class='ocrx_word' id='word_1_2' title='bbox 808 144 1107 187; x_wconf 71' lang='lat' dir='ltr'><em>MERJDIEJ.</em></span> <span class='ocrx_word' id='word_1_3' title='bbox 1338 159 1396 197; x_wconf 72' lang='lat'>49</span> 
     </span>
    </p>
   </div>
   <div class='ocr_carea' id='block_1_2' title="bbox 106 260 1405 1132">
    <p class='ocr_par' dir='ltr' id='par_1_2' title="bbox 106 260 1405 1132">
     <span class='ocr_line' id='line_1_2' title="bbox 114 260 1401 313; baseline -0.001 -10"><span class='ocrx_word' id='word_1_4' title='bbox 114 262 364 311; x_wconf 59' lang='lat' dir='ltr'>observatae,</span> <span class='ocrx_word' id='word_1_5' title='bbox 396 275 416 301; x_wconf 82' lang='lat' dir='ltr'>a</span> <span class='ocrx_word' id='word_1_6' title='bbox 450 273 545 300; x_wconf 75' lang='lat' dir='ltr'>vero</span> <span class='ocrx_word' id='word_1_7' title='bbox 582 260 758 302; x_wconf 85' lang='lat' dir='ltr'>meridiei</span> <span class='ocrx_word' id='word_1_8' title='bbox 798 269 978 313; x_wconf 85' lang='lat' dir='ltr'>tempore</span> <span class='ocrx_word' id='word_1_9' title='bbox 1011 262 1221 313; x_wconf 70' lang='lat' dir='ltr'>discrepare</span> <span class='ocrx_word' id='word_1_10' title='bbox 1247 263 1401 303; x_wconf 83' lang='lat' dir='ltr'>debere.</span> 
     </span>
     <span class='ocr_line' id='line_1_3' title="bbox 113 323 1405 375; baseline -0.001 -9"><span class='ocrx_word' id='word_1_11' title='bbox 113 326 156 366; x_wconf 88' lang='lat' dir='ltr'>Si</span> <span class='ocrx_word' id='word_1_12' title='bbox 191 327 297 365; x_wconf 90' lang='lat' dir='ltr'>euim</span> <span class='ocrx_word' id='word_1_13' title='bbox 332 324 506 375; x_wconf 85' lang='lat' dir='ltr'>exempli</span> <span class='ocrx_word' id='word_1_14' title='bbox 538 325 658 375; x_wconf 73' lang='lat' dir='ltr'>gratia</span> <span class='ocrx_word' id='word_1_15' title='bbox 691 323 768 362; x_wconf 86' lang='lat' dir='ltr'>sole</span> <span class='ocrx_word' id='word_1_16' title='bbox 800 323 847 362; x_wconf 81' lang='lat' dir='ltr'>ab</span> <span class='ocrx_word' id='word_1_17' title='bbox 867 326 987 362; x_wconf 80' lang='lat' dir='ltr'>ariete</span> <span class='ocrx_word' id='word_1_18' title='bbox 1010 325 1055 364; x_wconf 80' lang='lat' dir='ltr'>ad</span> <span class='ocrx_word' id='word_1_19' title='bbox 1076 338 1255 365; x_wconf 63' lang='lat' dir='ltr'>cauci-um</span> <span class='ocrx_word' id='word_1_20' title='bbox 1278 326 1405 366; x_wconf 71' lang='lat' dir='ltr'>asceu-</span> 
     </span>
     <span class='ocr_line' id='line_1_4' title="bbox 113 386 1400 442; baseline -0.001 -14"><span class='ocrx_word' id='word_1_21' title='bbox 113 390 228 429; x_wconf 86' lang='lat' dir='ltr'>dente</span> <span class='ocrx_word' id='word_1_22' title='bbox 261 388 357 427; x_wconf 83' lang='lat' dir='ltr'>hora</span> <span class='ocrx_word' id='word_1_23' title='bbox 388 399 490 424; x_wconf 77' lang='lat' dir='ltr'>nom</span> <span class='ocrx_word' id='word_1_24' title='bbox 523 387 827 426; x_wconf 82' lang='lat' dir='ltr'>antemeridiana</span> <span class='ocrx_word' id='word_1_25' title='bbox 863 386 1027 426; x_wconf 77' lang='lat' dir='ltr'>altitudo</span> <span class='ocrx_word' id='word_1_26' title='bbox 1061 386 1147 426; x_wconf 75' lang='lat' dir='ltr'>lolis</span> <span class='ocrx_word' id='word_1_27' title='bbox 1167 389 1276 427; x_wconf 79' lang='lat' dir='ltr'>fuerit</span> <span class='ocrx_word' id='word_1_28' title='bbox 1299 395 1400 442; x_wconf 73' lang='lat'>30⁹3</span> 
     </span>
     <span class='ocr_line' id='line_1_5' title="bbox 113 450 1405 502; baseline 0.001 -11"><span class='ocrx_word' id='word_1_29' title='bbox 113 452 212 491; x_wconf 76' lang='lat' dir='ltr'>hom</span> <span class='ocrx_word' id='word_1_30' title='bbox 249 452 357 489; x_wconf 83' lang='lat' dir='ltr'>tertia</span> <span class='ocrx_word' id='word_1_31' title='bbox 390 450 685 500; x_wconf 73' lang='lat' dir='ltr'>pomeridiana,</span> <span class='ocrx_word' id='word_1_32' title='bbox 721 450 820 488; x_wconf 82' lang='lat' dir='ltr'>inter</span> <span class='ocrx_word' id='word_1_33' title='bbox 856 463 952 501; x_wconf 76' lang='lat' dir='ltr'>quae</span> <span class='ocrx_word' id='word_1_34' title='bbox 999 460 1179 502; x_wconf 82' lang='lat' dir='ltr'>tempora</span> <span class='ocrx_word' id='word_1_35' title='bbox 1222 453 1405 492; x_wconf 83' lang='lat' dir='ltr'>meridies</span> 
     </span>
     <span class='ocr_line' id='line_1_6' title="bbox 115 510 1398 568; baseline 0 -14"><span class='ocrx_word' id='word_1_36' title='bbox 115 516 156 554; x_wconf 83' lang='lat' dir='ltr'>in</span> <span class='ocrx_word' id='word_1_37' title='bbox 177 514 308 553; x_wconf 87' lang='lat' dir='ltr'>medio</span> <span class='ocrx_word' id='word_1_38' title='bbox 330 512 528 551; x_wconf 82' lang='lat' dir='ltr'>interiacet</span> <span class='ocrx_word' id='word_1_39' title='bbox 542 542 553 561; x_wconf 85' lang='lat'>,</span> <span class='ocrx_word' id='word_1_40' title='bbox 587 512 752 550; x_wconf 76' lang='lat' dir='ltr'>altitudo</span> <span class='ocrx_word' id='word_1_41' title='bbox 772 511 859 549; x_wconf 78' lang='lat' dir='ltr'>solis</span> <span class='ocrx_word' id='word_1_42' title='bbox 879 513 1006 550; x_wconf 84' lang='lat' dir='ltr'>maior</span> <span class='ocrx_word' id='word_1_43' title='bbox 1026 513 1114 563; x_wconf 83' lang='lat' dir='ltr'>crit,</span> <span class='ocrx_word' id='word_1_44' title='bbox 1149 527 1263 566; x_wconf 83' lang='lat' dir='ltr'>quam</span> <span class='ocrx_word' id='word_1_45' title='bbox 1288 510 1369 564; x_wconf 79' lang='lat'>30⁰</span> <span class='ocrx_word' id='word_1_46' title='bbox 1387 530 1398 568; x_wconf 65' lang='grc' dir='ltr'><strong>ς</strong></span> 
     </span>
     <span class='ocr_line' id='line_1_7' title="bbox 117 572 1404 630; baseline 0.002 -14"><span class='ocrx_word' id='word_1_47' title='bbox 117 578 201 630; x_wconf 84' lang='lat' dir='ltr'>quia</span> <span class='ocrx_word' id='word_1_48' title='bbox 237 578 376 615; x_wconf 86' lang='lat' dir='ltr'>interea</span> <span class='ocrx_word' id='word_1_49' title='bbox 412 572 465 612; x_wconf 86' lang='lat' dir='ltr'>sol</span> <span class='ocrx_word' id='word_1_50' title='bbox 499 575 654 626; x_wconf 81' lang='lat' dir='ltr'>propius</span> <span class='ocrx_word' id='word_1_51' title='bbox 686 574 734 612; x_wconf 87' lang='lat' dir='ltr'>ad</span> <span class='ocrx_word' id='word_1_52' title='bbox 766 573 902 625; x_wconf 89' lang='lat' dir='ltr'>polum</span> <span class='ocrx_word' id='word_1_53' title='bbox 937 583 976 612; x_wconf 84' lang='lat' dir='ltr'>et</span> <span class='ocrx_word' id='word_1_54' title='bbox 1009 574 1151 614; x_wconf 89' lang='lat' dir='ltr'>idcirco</span> <span class='ocrx_word' id='word_1_55' title='bbox 1184 577 1222 614; x_wconf 86' lang='lat' dir='ltr'>in</span> <span class='ocrx_word' id='word_1_56' title='bbox 1266 578 1404 618; x_wconf 86' lang='lat' dir='ltr'>nostris</span> 
     </span>
     <span class='ocr_line' id='line_1_8' title="bbox 116 632 1405 695; baseline 0 -16"><span class='ocrx_word' id='word_1_57' title='bbox 116 639 333 692; x_wconf 79' lang='lat' dir='ltr'>regionibus</span> <span class='ocrx_word' id='word_1_58' title='bbox 370 638 527 688; x_wconf 79' lang='lat' dir='ltr'>propius</span> <span class='ocrx_word' id='word_1_59' title='bbox 559 649 712 689; x_wconf 79' lang='lat' dir='ltr'>quoque</span> <span class='ocrx_word' id='word_1_60' title='bbox 747 637 795 676; x_wconf 80' lang='lat' dir='ltr'>ad</span> <span class='ocrx_word' id='word_1_61' title='bbox 828 632 976 675; x_wconf 86' lang='lat' dir='ltr'>Zenith</span> <span class='ocrx_word' id='word_1_62' title='bbox 1012 637 1171 677; x_wconf 81' lang='lat' dir='ltr'>acceflit.</span> <span class='ocrx_word' id='word_1_63' title='bbox 1247 640 1405 695; x_wconf 77' lang='lat' dir='ltr'>Quam-</span> 
     </span>
     <span class='ocr_line' id='line_1_9' title="bbox 116 699 1399 752; baseline -0.001 -9"><span class='ocrx_word' id='word_1_64' title='bbox 116 703 252 743; x_wconf 85' lang='lat' dir='ltr'>obrem</span> <span class='ocrx_word' id='word_1_65' title='bbox 284 700 442 739; x_wconf 89' lang='lat' dir='ltr'>demum</span> <span class='ocrx_word' id='word_1_66' title='bbox 475 699 557 751; x_wconf 91' lang='lat' dir='ltr'>post</span> <span class='ocrx_word' id='word_1_67' title='bbox 576 699 715 738; x_wconf 74' lang='lat' dir='ltr'>horam</span> <span class='ocrx_word' id='word_1_68' title='bbox 737 700 893 739; x_wconf 83' lang='lat' dir='ltr'>tertiam</span> <span class='ocrx_word' id='word_1_69' title='bbox 915 699 969 738; x_wconf 85' lang='lat' dir='ltr'>sol</span> <span class='ocrx_word' id='word_1_70' title='bbox 990 700 1034 739; x_wconf 80' lang='lat' dir='ltr'>ad</span> <span class='ocrx_word' id='word_1_71' title='bbox 1055 701 1299 742; x_wconf 75' lang='lat' dir='ltr'>altitudinem</span> <span class='ocrx_word' id='word_1_72' title='bbox 1323 709 1399 752; x_wconf 85' lang='lat'>30·</span> 
     </span>
     <span class='ocr_line' id='line_1_10' title="bbox 115 761 1399 819; baseline 0.002 -15"><span class='ocrx_word' id='word_1_73' title='bbox 115 764 336 819; x_wconf 76' lang='lat' dir='ltr'>perueniet3</span> <span class='ocrx_word' id='word_1_74' title='bbox 371 774 422 801; x_wconf 88' lang='lat' dir='ltr'>ex</span> <span class='ocrx_word' id='word_1_75' title='bbox 455 774 532 814; x_wconf 86' lang='lat' dir='ltr'>quo</span> <span class='ocrx_word' id='word_1_76' title='bbox 565 761 816 815; x_wconf 80' lang='lat' dir='ltr'>perspicitur,</span> <span class='ocrx_word' id='word_1_77' title='bbox 854 774 1026 802; x_wconf 86' lang='lat' dir='ltr'>errorem</span> <span class='ocrx_word' id='word_1_78' title='bbox 1050 763 1305 805; x_wconf 87' lang='lat' dir='ltr'>commiffum</span> <span class='ocrx_word' id='word_1_79' title='bbox 1324 767 1399 819; x_wconf 82' lang='lat' dir='ltr'>iri,</span> 
     </span>
     <span class='ocr_line' id='line_1_11' title="bbox 113 825 1399 878; baseline 0.003 -13"><span class='ocrx_word' id='word_1_80' title='bbox 113 828 140 869; x_wconf 78' lang='lat' dir='ltr'>si</span> <span class='ocrx_word' id='word_1_81' title='bbox 172 837 321 878; x_wconf 89' lang='lat' dir='ltr'>tempus</span> <span class='ocrx_word' id='word_1_82' title='bbox 353 825 527 864; x_wconf 86' lang='lat' dir='ltr'>medium</span> <span class='ocrx_word' id='word_1_83' title='bbox 560 825 661 864; x_wconf 84' lang='lat' dir='ltr'>inter</span> <span class='ocrx_word' id='word_1_84' title='bbox 693 835 906 878; x_wconf 82' lang='lat' dir='ltr'>tempora,</span> <span class='ocrx_word' id='word_1_85' title='bbox 940 826 1072 878; x_wconf 86' lang='lat' dir='ltr'>quibus</span> <span class='ocrx_word' id='word_1_86' title='bbox 1106 826 1193 866; x_wconf 86' lang='lat' dir='ltr'>solis</span> <span class='ocrx_word' id='word_1_87' title='bbox 1236 829 1399 870; x_wconf 78' lang='lat' dir='ltr'>altitudo</span> 
     </span>
     <span class='ocr_line' id='line_1_12' title="bbox 115 887 1400 940; baseline 0.003 -12"><span class='ocrx_word' id='word_1_88' title='bbox 115 888 189 938; x_wconf 83' lang='lat'>30⁰</span> <span class='ocrx_word' id='word_1_89' title='bbox 219 889 270 928; x_wconf 87' lang='lat' dir='ltr'>est</span> <span class='ocrx_word' id='word_1_90' title='bbox 302 887 525 938; x_wconf 78' lang='lat' dir='ltr'>obseruata,</span> <span class='ocrx_word' id='word_1_91' title='bbox 559 900 632 940; x_wconf 90' lang='lat' dir='ltr'>pro</span> <span class='ocrx_word' id='word_1_92' title='bbox 665 900 765 927; x_wconf 77' lang='lat' dir='ltr'>vero</span> <span class='ocrx_word' id='word_1_93' title='bbox 799 889 964 928; x_wconf 91' lang='lat' dir='ltr'>meridie</span> <span class='ocrx_word' id='word_1_94' title='bbox 985 889 1203 929; x_wconf 74' lang='lat' dir='ltr'>haberetur.</span> <span class='ocrx_word' id='word_1_95' title='bbox 1268 892 1400 933; x_wconf 90' lang='lat' dir='ltr'>Tem-</span> 
     </span>
     <span class='ocr_line' id='line_1_13' title="bbox 108 950 1402 1008; baseline 0.003 -17"><span class='ocrx_word' id='word_1_96' title='bbox 108 963 178 1005; x_wconf 86' lang='lat' dir='ltr'>pus</span> <span class='ocrx_word' id='word_1_97' title='bbox 209 952 317 990; x_wconf 89' lang='lat' dir='ltr'>enim</span> <span class='ocrx_word' id='word_1_98' title='bbox 350 951 526 990; x_wconf 86' lang='lat' dir='ltr'>medium</span> <span class='ocrx_word' id='word_1_99' title='bbox 558 950 637 990; x_wconf 89' lang='lat' dir='ltr'>hoc</span> <span class='ocrx_word' id='word_1_100' title='bbox 672 951 754 991; x_wconf 79' lang='lat' dir='ltr'>casu</span> <span class='ocrx_word' id='word_1_101' title='bbox 791 951 875 1003; x_wconf 89' lang='lat' dir='ltr'>post</span> <span class='ocrx_word' id='word_1_102' title='bbox 907 953 1117 992; x_wconf 84' lang='lat' dir='ltr'>meridiem</span> <span class='ocrx_word' id='word_1_103' title='bbox 1151 953 1326 1008; x_wconf 74' lang='lat' dir='ltr'>incidet3</span> <span class='ocrx_word' id='word_1_104' title='bbox 1360 964 1402 995; x_wconf 86' lang='lat' dir='ltr'>et</span> 
     </span>
     <span class='ocr_line' id='line_1_14' title="bbox 107 1014 1399 1069; baseline 0.003 -15"><span class='ocrx_word' id='word_1_105' title='bbox 107 1014 207 1054; x_wconf 78' lang='lat' dir='ltr'>hanc</span> <span class='ocrx_word' id='word_1_106' title='bbox 239 1015 292 1054; x_wconf 92' lang='lat' dir='ltr'>ob</span> <span class='ocrx_word' id='word_1_107' title='bbox 324 1027 435 1064; x_wconf 85' lang='lat' dir='ltr'>rem,</span> <span class='ocrx_word' id='word_1_108' title='bbox 468 1026 547 1068; x_wconf 91' lang='lat' dir='ltr'>quo</span> <span class='ocrx_word' id='word_1_109' title='bbox 581 1026 721 1053; x_wconf 86' lang='lat' dir='ltr'>verum</span> <span class='ocrx_word' id='word_1_110' title='bbox 754 1015 934 1054; x_wconf 87' lang='lat' dir='ltr'>meridiei</span> <span class='ocrx_word' id='word_1_111' title='bbox 966 1024 1121 1068; x_wconf 86' lang='lat' dir='ltr'>tempus</span> <span class='ocrx_word' id='word_1_112' title='bbox 1153 1017 1399 1069; x_wconf 82' lang='lat' dir='ltr'>obtineatur,</span> 
     </span>
     <span class='ocr_line' id='line_1_15' title="bbox 106 1077 1401 1132; baseline 0.005 -16"><span class='ocrx_word' id='word_1_113' title='bbox 106 1086 266 1130; x_wconf 88' lang='lat' dir='ltr'>oportet</span> <span class='ocrx_word' id='word_1_114' title='bbox 297 1090 317 1116; x_wconf 86' lang='lat' dir='ltr'>a</span> <span class='ocrx_word' id='word_1_115' title='bbox 350 1087 531 1130; x_wconf 86' lang='lat' dir='ltr'>tempore</span> <span class='ocrx_word' id='word_1_116' title='bbox 563 1077 699 1116; x_wconf 88' lang='lat' dir='ltr'>medio</span> <span class='ocrx_word' id='word_1_117' title='bbox 733 1077 877 1130; x_wconf 84' lang='lat' dir='ltr'>aliquid</span> <span class='ocrx_word' id='word_1_118' title='bbox 919 1077 1162 1132; x_wconf 74' lang='lat' dir='ltr'>subtrahere3</span> <span class='ocrx_word' id='word_1_119' title='bbox 1199 1082 1304 1132; x_wconf 87' lang='lat' dir='ltr'>quod</span> <span class='ocrx_word' id='word_1_120' title='bbox 1348 1081 1401 1121; x_wconf 87' lang='lat' dir='ltr'>est</span> 
     </span>
    </p>
   </div>
   <div class='ocr_carea' id='block_1_3' title="bbox 104 1139 1329 1194">
    <p class='ocr_par' dir='ltr' id='par_1_3' title="bbox 104 1139 1329 1194">
     <span class='ocr_line' id='line_1_16' title="bbox 104 1139 1329 1194; baseline 0.002 -13"><span class='ocrx_word' id='word_1_121' title='bbox 104 1140 148 1181; x_wconf 67' lang='lat' dir='ltr'>id</span> <span class='ocrx_word' id='word_1_122' title='bbox 167 1139 289 1193; x_wconf 87' lang='lat' dir='ltr'>ipsum</span> <span class='ocrx_word' id='word_1_123' title='bbox 304 1171 315 1191; x_wconf 92' lang='lat'>‚</span> <span class='ocrx_word' id='word_1_124' title='bbox 351 1141 453 1194; x_wconf 87' lang='lat' dir='ltr'>quod</span> <span class='ocrx_word' id='word_1_125' title='bbox 474 1139 547 1180; x_wconf 82' lang='lat' dir='ltr'>hac</span> <span class='ocrx_word' id='word_1_126' title='bbox 566 1140 830 1180; x_wconf 73' lang='lat' dir='ltr'>dissertatione</span> <span class='ocrx_word' id='word_1_127' title='bbox 851 1141 1109 1181; x_wconf 83' lang='lat' dir='ltr'>determinare</span> <span class='ocrx_word' id='word_1_128' title='bbox 1132 1143 1329 1184; x_wconf 87' lang='lat' dir='ltr'>constitui.</span> 
     </span>
    </p>
   </div>
   <div class='ocr_carea' id='block_1_4' title="bbox 103 1233 1402 2043">
    <p class='ocr_par' dir='ltr' id='par_1_4' title="bbox 103 1233 1402 2043">
     <span class='ocr_line' id='line_1_17' title="bbox 220 1233 1400 1286; baseline 0.004 -11"><span class='ocrx_word' id='word_1_129' title='bbox 220 1237 254 1286; x_wconf 73' lang='lat'>§-</span> <span class='ocrx_word' id='word_1_130' title='bbox 294 1249 332 1286; x_wconf 85' lang='lat'>3.</span> <span class='ocrx_word' id='word_1_131' title='bbox 369 1233 501 1274; x_wconf 88' lang='lat' dir='ltr'>Simili</span> <span class='ocrx_word' id='word_1_132' title='bbox 535 1234 660 1274; x_wconf 91' lang='lat' dir='ltr'>modo</span> <span class='ocrx_word' id='word_1_133' title='bbox 695 1233 947 1286; x_wconf 82' lang='lat' dir='ltr'>intelligitur,</span> <span class='ocrx_word' id='word_1_134' title='bbox 983 1234 1009 1275; x_wconf 87' lang='lat' dir='ltr'>fi</span> <span class='ocrx_word' id='word_1_135' title='bbox 1041 1234 1096 1275; x_wconf 90' lang='lat' dir='ltr'>sol</span> <span class='ocrx_word' id='word_1_136' title='bbox 1129 1249 1150 1276; x_wconf 83' lang='lat' dir='ltr'>a</span> <span class='ocrx_word' id='word_1_137' title='bbox 1182 1234 1309 1278; x_wconf 86' lang='lat' dir='ltr'>Borea</span> <span class='ocrx_word' id='word_1_138' title='bbox 1352 1238 1400 1280; x_wconf 83' lang='lat' dir='ltr'>ad</span> 
     </span>
     <span class='ocr_line' id='line_1_18' title="bbox 106 1294 1398 1355; baseline 0.002 -16"><span class='ocrx_word' id='word_1_139' title='bbox 106 1298 288 1340; x_wconf 87' lang='lat' dir='ltr'>Austrum</span> <span class='ocrx_word' id='word_1_140' title='bbox 323 1294 546 1348; x_wconf 79' lang='lat' dir='ltr'>descendat,</span> <span class='ocrx_word' id='word_1_141' title='bbox 583 1298 820 1337; x_wconf 87' lang='lat' dir='ltr'>contrarium</span> <span class='ocrx_word' id='word_1_142' title='bbox 853 1299 1053 1349; x_wconf 86' lang='lat' dir='ltr'>accidere,</span> <span class='ocrx_word' id='word_1_143' title='bbox 1088 1309 1126 1338; x_wconf 90' lang='lat' dir='ltr'>et</span> <span class='ocrx_word' id='word_1_144' title='bbox 1157 1302 1205 1340; x_wconf 79' lang='lat' dir='ltr'>ad</span> <span class='ocrx_word' id='word_1_145' title='bbox 1241 1311 1398 1355; x_wconf 75' lang='lat' dir='ltr'>tempus</span> 
     </span>
     <span class='ocr_line' id='line_1_19' title="bbox 105 1360 1400 1417; baseline 0.002 -16"><span class='ocrx_word' id='word_1_146' title='bbox 105 1361 250 1414; x_wconf 81' lang='lat' dir='ltr'>aliquid</span> <span class='ocrx_word' id='word_1_147' title='bbox 294 1362 382 1401; x_wconf 88' lang='lat' dir='ltr'>addi</span> <span class='ocrx_word' id='word_1_148' title='bbox 423 1361 578 1400; x_wconf 87' lang='lat' dir='ltr'>debere.</span> <span class='ocrx_word' id='word_1_149' title='bbox 647 1360 778 1413; x_wconf 87' lang='lat' dir='ltr'>Atque</span> <span class='ocrx_word' id='word_1_150' title='bbox 818 1360 912 1400; x_wconf 80' lang='lat' dir='ltr'>haec</span> <span class='ocrx_word' id='word_1_151' title='bbox 953 1362 1146 1413; x_wconf 87' lang='lat' dir='ltr'>temporis</span> <span class='ocrx_word' id='word_1_152' title='bbox 1185 1365 1400 1417; x_wconf 81' lang='lat' dir='ltr'>particula,</span> 
     </span>
     <span class='ocr_line' id='line_1_20' title="bbox 107 1422 1401 1480; baseline 0.005 -18"><span class='ocrx_word' id='word_1_153' title='bbox 107 1436 203 1476; x_wconf 80' lang='lat' dir='ltr'>quae</span> <span class='ocrx_word' id='word_1_154' title='bbox 235 1423 281 1463; x_wconf 83' lang='lat' dir='ltr'>ad</span> <span class='ocrx_word' id='word_1_155' title='bbox 313 1433 467 1475; x_wconf 87' lang='lat' dir='ltr'>tempus</span> <span class='ocrx_word' id='word_1_156' title='bbox 499 1422 672 1462; x_wconf 86' lang='lat' dir='ltr'>medium</span> <span class='ocrx_word' id='word_1_157' title='bbox 721 1424 821 1462; x_wconf 88' lang='lat' dir='ltr'>inter</span> <span class='ocrx_word' id='word_1_158' title='bbox 863 1424 1176 1465; x_wconf 81' lang='lat' dir='ltr'>obseruationum</span> <span class='ocrx_word' id='word_1_159' title='bbox 1219 1436 1401 1480; x_wconf 80' lang='lat' dir='ltr'>tempora</span> 
     </span>
     <span class='ocr_line' id='line_1_21' title="bbox 108 1484 1398 1541; baseline 0.003 -15"><span class='ocrx_word' id='word_1_160' title='bbox 108 1486 175 1526; x_wconf 89' lang='lat' dir='ltr'>vel</span> <span class='ocrx_word' id='word_1_161' title='bbox 206 1487 322 1526; x_wconf 83' lang='lat' dir='ltr'>adiici</span> <span class='ocrx_word' id='word_1_162' title='bbox 356 1486 421 1524; x_wconf 90' lang='lat' dir='ltr'>vel</span> <span class='ocrx_word' id='word_1_163' title='bbox 453 1486 505 1525; x_wconf 94' lang='lat' dir='ltr'>ob</span> <span class='ocrx_word' id='word_1_164' title='bbox 526 1484 608 1537; x_wconf 79' lang='lat' dir='ltr'>ipso</span> <span class='ocrx_word' id='word_1_165' title='bbox 626 1486 734 1524; x_wconf 89' lang='lat' dir='ltr'>demi</span> <span class='ocrx_word' id='word_1_166' title='bbox 754 1486 893 1537; x_wconf 81' lang='lat' dir='ltr'>debet,</span> <span class='ocrx_word' id='word_1_167' title='bbox 928 1499 1091 1526; x_wconf 82' lang='lat' dir='ltr'>vocatur</span> <span class='ocrx_word' id='word_1_168' title='bbox 1110 1490 1289 1541; x_wconf 79' lang='lat' dir='ltr'>aequatio</span> <span class='ocrx_word' id='word_1_169' title='bbox 1307 1503 1398 1530; x_wconf 79' lang='lat' dir='ltr'>me-</span> 
     </span>
     <span class='ocr_line' id='line_1_22' title="bbox 105 1549 1402 1601; baseline 0.004 -13"><span class='ocrx_word' id='word_1_170' title='bbox 105 1549 234 1589; x_wconf 88' lang='lat' dir='ltr'>ridiei.</span> <span class='ocrx_word' id='word_1_171' title='bbox 302 1549 452 1588; x_wconf 81' lang='lat' dir='ltr'>Tabula</span> <span class='ocrx_word' id='word_1_172' title='bbox 484 1561 581 1588; x_wconf 85' lang='lat' dir='ltr'>vero</span> <span class='ocrx_word' id='word_1_173' title='bbox 613 1549 853 1601; x_wconf 75' lang='lat' dir='ltr'>aequ-ationis</span> <span class='ocrx_word' id='word_1_174' title='bbox 896 1551 1073 1589; x_wconf 85' lang='lat' dir='ltr'>meridiei</span> <span class='ocrx_word' id='word_1_175' title='bbox 1117 1552 1291 1591; x_wconf 89' lang='lat' dir='ltr'>continet</span> <span class='ocrx_word' id='word_1_176' title='bbox 1331 1552 1402 1593; x_wconf 85' lang='lat' dir='ltr'>has</span> 
     </span>
     <span class='ocr_line' id='line_1_23' title="bbox 106 1611 1402 1666; baseline 0.003 -14"><span class='ocrx_word' id='word_1_177' title='bbox 106 1612 356 1665; x_wconf 79' lang='lat' dir='ltr'>aequationes</span> <span class='ocrx_word' id='word_1_178' title='bbox 388 1624 460 1664; x_wconf 87' lang='lat' dir='ltr'>pro</span> <span class='ocrx_word' id='word_1_179' title='bbox 493 1611 649 1662; x_wconf 84' lang='lat' dir='ltr'>fingulis</span> <span class='ocrx_word' id='word_1_180' title='bbox 680 1611 951 1651; x_wconf 82' lang='lat' dir='ltr'>declinationis</span> <span class='ocrx_word' id='word_1_181' title='bbox 992 1613 1078 1652; x_wconf 82' lang='lat' dir='ltr'>solis</span> <span class='ocrx_word' id='word_1_182' title='bbox 1119 1615 1318 1666; x_wconf 67' lang='lat' dir='ltr'>gradibus»,</span> <span class='ocrx_word' id='word_1_183' title='bbox 1360 1626 1402 1656; x_wconf 89' lang='lat' dir='ltr'>et</span> 
     </span>
     <span class='ocr_line' id='line_1_24' title="bbox 106 1674 1402 1728; baseline 0.005 -15"><span class='ocrx_word' id='word_1_184' title='bbox 106 1687 180 1728; x_wconf 90' lang='lat' dir='ltr'>pro</span> <span class='ocrx_word' id='word_1_185' title='bbox 216 1676 329 1714; x_wconf 76' lang='lat' dir='ltr'>variis</span> <span class='ocrx_word' id='word_1_186' title='bbox 361 1674 573 1714; x_wconf 78' lang='lat' dir='ltr'>interuallis</span> <span class='ocrx_word' id='word_1_187' title='bbox 606 1676 796 1727; x_wconf 86' lang='lat' dir='ltr'>temporis</span> <span class='ocrx_word' id='word_1_188' title='bbox 831 1675 930 1714; x_wconf 86' lang='lat' dir='ltr'>inter</span> <span class='ocrx_word' id='word_1_189' title='bbox 962 1676 1249 1717; x_wconf 69' lang='lat' dir='ltr'>obseruationes</span> <span class='ocrx_word' id='word_1_190' title='bbox 1266 1678 1402 1719; x_wconf 77' lang='lat' dir='ltr'>ambas</span> 
     </span>
     <span class='ocr_line' id='line_1_25' title="bbox 107 1737 1402 1792; baseline 0.004 -16"><span class='ocrx_word' id='word_1_191' title='bbox 107 1738 308 1790; x_wconf 86' lang='lat' dir='ltr'>intercepti</span> <span class='ocrx_word' id='word_1_192' title='bbox 343 1738 389 1777; x_wconf 83' lang='lat' dir='ltr'>ad</span> <span class='ocrx_word' id='word_1_193' title='bbox 426 1739 555 1777; x_wconf 82' lang='lat' dir='ltr'>datam</span> <span class='ocrx_word' id='word_1_194' title='bbox 589 1737 671 1789; x_wconf 89' lang='lat' dir='ltr'>poli</span> <span class='ocrx_word' id='word_1_195' title='bbox 701 1737 960 1777; x_wconf 77' lang='lat' dir='ltr'>eleuationem</span> <span class='ocrx_word' id='word_1_196' title='bbox 983 1749 1242 1792; x_wconf 82' lang='lat' dir='ltr'>computatas.</span> <span class='ocrx_word' id='word_1_197' title='bbox 1310 1740 1402 1781; x_wconf 83' lang='lat' dir='ltr'>Hu-</span> 
     </span>
     <span class='ocr_line' id='line_1_26' title="bbox 108 1800 1400 1856; baseline 0.004 -17"><span class='ocrx_word' id='word_1_198' title='bbox 108 1800 278 1839; x_wconf 88' lang='lat' dir='ltr'>iusmodi</span> <span class='ocrx_word' id='word_1_199' title='bbox 314 1800 430 1852; x_wconf 82' lang='lat' dir='ltr'>igitur</span> <span class='ocrx_word' id='word_1_200' title='bbox 463 1800 588 1839; x_wconf 86' lang='lat' dir='ltr'>tabula</span> <span class='ocrx_word' id='word_1_201' title='bbox 635 1800 862 1840; x_wconf 78' lang='lat' dir='ltr'>astronomo</span> <span class='ocrx_word' id='word_1_202' title='bbox 905 1801 1018 1842; x_wconf 80' lang='lat' dir='ltr'>valde</span> <span class='ocrx_word' id='word_1_203' title='bbox 1063 1802 1116 1842; x_wconf 88' lang='lat' dir='ltr'>est</span> <span class='ocrx_word' id='word_1_204' title='bbox 1166 1801 1400 1856; x_wconf 75' lang='lat' dir='ltr'>necessaria,</span> 
     </span>
     <span class='ocr_line' id='line_1_27' title="bbox 108 1863 1398 1920; baseline 0.004 -18"><span class='ocrx_word' id='word_1_205' title='bbox 108 1876 188 1916; x_wconf 93' lang='lat' dir='ltr'>quo</span> <span class='ocrx_word' id='word_1_206' title='bbox 219 1875 269 1902; x_wconf 88' lang='lat' dir='ltr'>ex</span> <span class='ocrx_word' id='word_1_207' title='bbox 303 1876 346 1902; x_wconf 79' lang='lat' dir='ltr'>ea</span> <span class='ocrx_word' id='word_1_208' title='bbox 378 1876 513 1903; x_wconf 82' lang='lat' dir='ltr'>verum</span> <span class='ocrx_word' id='word_1_209' title='bbox 550 1863 728 1903; x_wconf 86' lang='lat' dir='ltr'>meridiei</span> <span class='ocrx_word' id='word_1_210' title='bbox 764 1873 914 1916; x_wconf 78' lang='lat' dir='ltr'>tempus</span> <span class='ocrx_word' id='word_1_211' title='bbox 947 1863 1020 1904; x_wconf 83' lang='lat' dir='ltr'>hac</span> <span class='ocrx_word' id='word_1_212' title='bbox 1053 1865 1264 1917; x_wconf 77' lang='lat' dir='ltr'>methodo,</span> <span class='ocrx_word' id='word_1_213' title='bbox 1301 1876 1398 1920; x_wconf 69' lang='lat' dir='ltr'>qua·</span> 
     </span>
     <span class='ocr_line' id='line_1_28' title="bbox 107 1924 1398 1982; baseline 0.005 -18"><span class='ocrx_word' id='word_1_214' title='bbox 107 1926 161 1965; x_wconf 84' lang='lat' dir='ltr'>est</span> <span class='ocrx_word' id='word_1_215' title='bbox 194 1924 314 1965; x_wconf 72' lang='lat' dir='ltr'>facilis</span> <span class='ocrx_word' id='word_1_216' title='bbox 349 1936 387 1965; x_wconf 86' lang='lat' dir='ltr'>et</span> <span class='ocrx_word' id='word_1_217' title='bbox 419 1939 439 1965; x_wconf 82' lang='lat' dir='ltr'>a</span> <span class='ocrx_word' id='word_1_218' title='bbox 475 1925 764 1966; x_wconf 52' lang='lat' dir='ltr'>rest-‘ustionibus</span> <span class='ocrx_word' id='word_1_219' title='bbox 798 1939 877 1966; x_wconf 87' lang='lat' dir='ltr'>nou</span> <span class='ocrx_word' id='word_1_220' title='bbox 911 1928 1108 1981; x_wconf 74' lang='lat' dir='ltr'>turbatur,</span> <span class='ocrx_word' id='word_1_221' title='bbox 1141 1929 1398 1982; x_wconf 86' lang='lat' dir='ltr'>cognoscere,</span> 
     </span>
     <span class='ocr_line' id='line_1_29' title="bbox 103 1989 843 2043; baseline 0.001 -15"><span class='ocrx_word' id='word_1_222' title='bbox 103 1999 218 2042; x_wconf 79' lang='lat' dir='ltr'>atque</span> <span class='ocrx_word' id='word_1_223' title='bbox 251 1989 459 2042; x_wconf 76' lang='lat' dir='ltr'>horologia</span> <span class='ocrx_word' id='word_1_224' title='bbox 491 1989 686 2042; x_wconf 85' lang='lat' dir='ltr'>corrigere</span> <span class='ocrx_word' id='word_1_225' title='bbox 718 1999 843 2043; x_wconf 86' lang='lat' dir='ltr'>queat.</span> 
     </span>
    </p>
   </div>
   <div class='ocr_carea' id='block_1_5' title="bbox 106 2111 1394 2169">
    <p class='ocr_par' dir='ltr' id='par_1_5' title="bbox 106 2111 1394 2169">
     <span class='ocr_line' id='line_1_30' title="bbox 106 2111 1394 2169; baseline 0.002 -13"><span class='ocrx_word' id='word_1_226' title='bbox 106 2113 216 2156; x_wconf 88' lang='lat' dir='ltr'>Tom.</span> <span class='ocrx_word' id='word_1_227' title='bbox 254 2112 385 2157; x_wconf 87' lang='lat' dir='ltr'><em>VIII.</em></span> <span class='ocrx_word' id='word_1_228' title='bbox 767 2111 807 2155; x_wconf 91' lang='lat' dir='ltr'>G</span> <span class='ocrx_word' id='word_1_229' title='bbox 1278 2120 1310 2168; x_wconf 68' lang='grc' dir='ltr'>ξ.</span> <span class='ocrx_word' id='word_1_230' title='bbox 1350 2134 1394 2169; x_wconf 82' lang='lat'>4.</span> 
     </span>
    </p>
   </div>
  </div>
 </body>
</html>
