1941 2674
565 107 654 139 220
956 94 1071 145 ‘'⁵20'ss
1135 94 1209 143 )0
1245 93 1259 142 <
1324 92 1438 144 ἓζεῡέ...

710 208 1690 380 FIGVRADETERRAE,

964 407 1341 450 DISSERTATIO
1372 408 1411 449 Ι.

1080 496 1316 532 AVCTORE

851 567 1054 646 Georg.
1093 562 1300 646 lWlſjsg.
1335 563 1546 645 Kraffi.

1140 711 1177 760 ὅ.
1216 730 1253 756 Ι,

360 826 558 858 τεὼυῐιΧῐΧ.
638 819 738 861 Nter
770 819 972 872 praecipua
1006 817 1117 859 seculi
1150 817 1261 858 huius
1294 819 1447 859 inuenta
1483 819 1702 859 referendae
1737 815 1847 860 'mihi

403 876 432 899 et
454 869 517 898 XX'
665 883 842 922 videntur
875 882 1170 931 meditationes,
1213 894 1308 935 quae
1340 895 1361 921 a
1393 882 1670 922 recentioribus
1708 882 1845 922 Philo-

666 944 795 998 sophis
827 946 873 984 de
908 946 1046 996 Figura
1087 941 1210 983 Globi
1257 945 1374 984 nostri
1424 946 1614 998 terr-aquei
1669 946 1844 997 prolatae

555 1006 658 1047 sunt:
695 1007 927 1047 constituunt
960 1019 1055 1047 vero
1089 1006 1292 1046 Probletm
1319 1003 1591 1060 Geographiae
1613 1007 1847 1048 mathema*

558 1071 656 1110 ticae
691 1069 985 1110 difficillimum.
1055 1068 1211 1122 Sparfiie
1245 1068 1327 1109 sunt
1360 1071 1500 1122 partim
1544 1070 1636 1110 hinc
1678 1080 1716 1110 et
1753 1071 1843 1111 inde

559 1134 606 1173 de
648 1132 719 1173 hnc
759 1134 922 1173 materia
964 1133 1219 1173 Eruditorum
1260 1133 1586 1173 considerationes
1632 1133 1674 1172 in
1727 1134 1848 1173 variis

558 1195 728 1249 Diariis3
763 1197 904 1249 partim
936 1209 1032 1235 vero
1067 1197 1185 1235 etiam
1219 1208 1298 1235 non
1330 1208 1373 1235 ea
1416 1195 1683 1249 perspicuitate
1722 1196 1849 1236 dona-

560 1268 621 1298 tae
655 1259 758 1310 sunt,
794 1268 837 1299 vt
868 1272 889 1298 a
922 1259 1060 1312 quouis
1095 1259 1225 1312 primo
1259 1259 1382 1298 statim
1416 1260 1555 1299 intuitu
1576 1259 1737 1311 intelligi
1758 1258 1847 1312 pos-

561 1322 643 1363 sint.
712 1323 841 1378 Quare
875 1335 964 1362 cum
1006 1321 1082 1362 hoc
1123 1331 1303 1373 tempore
1344 1322 1390 1361 de
1430 1335 1534 1362 nouo
1575 1321 1707 1374 vigeat
1749 1321 1848 1362 haec

561 1385 754 1437 quaestio,
787 1394 826 1424 et
858 1385 1156 1438 praecipuorum
1188 1384 1436 1435 Physicorum
1481 1397 1569 1424 cura
1611 1384 1703 1424 huic
1749 1384 1847 1424 Pro-

561 1448 722 1488 blemati
755 1461 825 1501 per
855 1449 1149 1501 Experientiam
1185 1447 1412 1487 resoluendo
1444 1460 1558 1501 quam
1592 1447 1770 1488 maxime
1806 1447 1851 1488 fit

561 1510 727 1551 intenta:
761 1511 928 1564 speraui,
965 1524 1043 1550 non
1077 1512 1333 1563 incongruum
1365 1511 1471 1562 fore,
1505 1511 1532 1551 fi
1553 1512 1756 1564 praecipua
1774 1510 1850 1551 huc

562 1575 793 1627 pertinentia
826 1575 865 1613 in
899 1587 1018 1613 vnum
1053 1575 1149 1628 quasi
1185 1574 1344 1624 systema
1371 1574 1625 1626 colligerem,
1659 1585 1777 1625 eaque
1796 1585 1849 1614 eo

562 1637 701 1676 ordine
733 1647 771 1676 et
805 1636 1096 1690 pei-spicuit.ite,
1130 1648 1312 1691 quantam
1349 1637 1506 1689 quidem
1546 1637 1600 1676 rei
1642 1635 1847 1676 difficultas

562 1700 780 1752 permittit,
819 1700 1120 1752 pertractarem,
1155 1711 1198 1740 vt
1232 1699 1346 1739 solius
1375 1699 1586 1751 Analyseos
1614 1712 1690 1752 ope
1709 1712 1850 1739 eruan-

562 1771 646 1812 tur,
692 1773 804 1815 atque
845 1772 928 1802 tum
973 1776 1023 1802 eo
1074 1764 1220 1803 facilius
1263 1762 1460 1802 hodiernis
1504 1762 1626 1802 oculis
1675 1771 1832 1815 pateant

564 1825 676 1879 Quae
708 1826 813 1864 enim
850 1838 869 1864 a
904 1824 1063 1865 summis
1110 1827 1216 1866 Viris
1258 1826 1445 1879 Hugem'O,
1485 1827 1687 1875 Newtono,
1740 1825 1850 1866 Her-

566 1900 717 1938 manno,
752 1899 862 1941 atque
896 1889 979 1928 aliis
1012 1890 1258 1941 quibusdam,
1294 1890 1334 1928 in
1367 1890 1540 1929 medium
1580 1888 1728 1941 prolata
1771 1887 1854 1927 sunt

566 1950 668 1989 circa
699 1951 795 1991 lunc
827 1952 1114 2004 quaestionem,
1154 1955 1304 2005 optime
1344 1953 1527 2006 quidem,
1578 1961 1617 1991 et
1656 1949 1851 2005 profundo

568 2012 727 2066 ingenio
761 2025 867 2058 eruta
899 2015 1003 2068 sunt,
1037 2026 1076 2056 et
1109 2016 1395 2069 demonstrata,
1425 2015 1486 2056 sed
1518 2014 1710 2056 methodo
1744 2021 1854 2053 vete-

1760 2087 1850 2115 rum
