1941 2674
398 80 809 130 IMPERATORII
825 82 1138 135 AMIDENO.
1321 100 1346 145 3
1356 103 1415 145 49

132 197 330 253 aliquando
362 208 596 257 corrumpunt
615 234 627 254 ‚
667 204 897 246 correaionis
922 211 1128 258 praetextu
1146 236 1157 256 ‚
1198 218 1242 247 ne
1274 209 1420 262 quidem

130 263 280 304 lectores
306 266 492 314 monendo,
527 267 619 320 quid
645 267 682 306 in
711 269 762 309 iis
795 271 1032 310 immutat-int.
1100 267 1175 309 Sed
1201 271 1328 312 crebra
1354 273 1419 314 illa

132 327 206 364 eius
239 328 384 379 quercla
417 329 502 376 fuit,
537 342 654 383 neque
688 332 790 370 enim
824 333 1013 385 quisquam
1043 332 1162 384 magis
1188 332 1315 374 sentire
1341 335 1419 376 hoc

131 388 397 430 detrimentum
430 392 573 444 potuit,
609 405 721 445 quam
755 406 910 448 magnus
944 395 1083 447 Pagius.

245 483 347 526 Inter
378 486 469 526 haec
499 488 755 528 sententiarum
789 489 945 529 diuortia
977 499 1084 543 atque
1116 490 1275 541 dissidia,
1311 492 1412 535 Har-

127 547 229 587 duini
262 562 406 602 quoque
440 551 524 597 fuit,
563 552 819 591 conicc'turam
852 554 952 592 luam
984 554 1032 592 de
1060 554 1202 593 Amida
1234 555 1422 604 stabilire:

98 617 101 620 ’
130 623 247 663 neque
282 614 385 652 enim
419 612 496 652 latis
527 613 601 652 hoc
634 615 667 653 ei
699 614 765 653 fuit
802 616 941 664 vitum,
975 616 1108 655 nullius
1141 629 1283 658 nomen
1316 620 1419 660 vrbis

127 674 165 712 in
200 674 508 728 Mesopotamia,
563 676 652 716 illud
687 678 768 716 Ml.
803 678 911 716 initio
944 680 1045 717 vocis
1079 680 1272 719 continere
1292 711 1303 730 ,
1350 682 1417 725 nisi

128 735 239 777 simul
280 738 594 777 demonstraretur
615 768 626 788 ‚
675 739 840 778 Amidae
872 740 954 779 vrbi
985 749 1023 780 et
1053 741 1225 781 coloniae
1257 751 1296 783 et
1325 756 1415 784 me-

126 799 318 852 tropoleos
347 800 567 852 dignitatem
600 801 800 840 conuenire
837 802 951 855 poffe.
1023 801 1111 842 Hoc
1141 804 1276 844 iterum
1311 805 1416 847 diffi-

126 861 199 901 cile
229 862 296 902 fuit
325 860 433 902 fiustu.
499 861 569 903 Ad
591 862 792 912 Amidam,
825 864 1033 917 inquiebat,
1066 878 1088 905 e
1112 862 1418 921 Mesopotamiae

118 925 322 978 primariis
352 926 505 967 vrhz‘bus
535 937 662 966 numus
692 925 754 967 hic
786 928 942 976 attinet,
982 927 1029 968 de
1060 939 1135 981 qua
1154 926 1419 984 saepenumero

124 985 357 1030 Ammianus.
443 989 557 1044 Quod
593 1000 711 1027 nemo
745 998 824 1029 erat
858 989 1079 1029 inficiaturos
1099 1020 1110 1038 ‚
1160 1004 1277 1045 neque
1309 995 1415 1035 enim

124 1050 319 1092 obscurum
337 1051 410 1101 est,
448 1050 649 1090 Ammiani
667 1050 878 1092 Marcellini
897 1061 1016 1093 aetate
1033 1053 1131 1093 inter
1147 1053 1302 1107 insignia
1321 1068 1415 1098 con-

125 1123 180 1154 tra
213 1114 330 1154 Persas
361 1113 640 1168 propugnacula
667 1114 853 1155 Amidam
881 1114 1005 1166 fuisse,
1042 1115 1080 1155 id
1107 1116 1212 1156 nobis
1238 1118 1415 1160 videlicet

123 1177 379 1218 demonstrare
410 1178 531 1229 potuit
561 1175 784 1216 Harduinus.
848 1175 920 1218 Sed
952 1178 1167 1231 producitur
1193 1192 1339 1234 quoque
1366 1182 1414 1223 ab

125 1241 263 1280 eodem
302 1253 352 1281 ex
386 1238 549 1279 Concilii
583 1237 988 1293 Constantinopolitani
1027 1241 1142 1294 primi
1180 1241 1414 1297 subscriptio-

125 1303 230 1343 nibus
238 1319 255 1343 -:
301 1300 465 1345 Marcus
491 1301 696 1357 Amidensts
723 1303 940 1356 prouinciae
969 1300 1280 1358 Meglopotamiae.
1360 1307 1415 1350 Et

125 1377 176 1405 ex
207 1364 392 1406 Hieroclis
423 1366 553 1405 notitia
579 1365 850 1406 Ecclefiastica:
887 1366 1120 1422 Επαςῑχῐα
1147 1365 1413 1411 Mecowo‘la-

125 1425 224 1483 μίας
256 1427 334 1479 τῆς
365 1421 443 1469 ἅνω
471 1421 558 1477 ἤτοι
587 1422 775 1480 τεἿεὶᾶἾης
805 1427 1034 1483 Αᾶμενίας,
1069 1427 1224 1485 Αμιδᾶ
1247 1426 1410 1486 μηἾᾶό-

125 1495 255 1539 πολις.
327 1490 529 1547 Eparchia
563 1487 858 1545 Mesopotamiae
875 1489 1082 1546 superioris
1103 1523 1113 1542 ,
1147 1490 1219 1546 seu
1249 1501 1411 1548 quartae

122 1553 330 1596 Armeniae
350 1586 360 1605 ‚
409 1553 550 1596 Amida
580 1553 799 1608 metropolis.
875 1555 995 1595 Addit
1029 1555 1205 1608 denique:
1240 1557 1406 1599 AMID.

120 1618 160 1658 in
193 1619 318 1658 numis
350 1616 583 1657 Constantini
616 1616 675 1657 M.
709 1617 867 1657 occurrit
887 1647 898 1667 ‚
950 1631 1020 1671 qua
1050 1630 1147 1658 voce
1178 1619 1314 1672 fignata
1345 1622 1408 1662 A-

120 1681 247 1721 midae
276 1691 429 1721 moneta
461 1680 684 1733 intelligitur.
749 1679 1008 1734 Inscriptiones
1035 1679 1194 1721 Concilii
1221 1679 1408 1725 Constan-

121 1743 358 1797 tinopolitani
377 1744 508 1796 dignae
526 1743 603 1783 sunt
619 1742 754 1791 relatu,
790 1752 854 1793 vt,
891 1756 985 1796 quae
1003 1747 1052 1784 A.
1068 1741 1116 1784 C.
1141 1748 1245 1793 381.
1267 1745 1406 1788 Theo..

119 1807 226 1848 dofio
256 1805 360 1860 Imp.
394 1808 457 1861 qui
492 1807 600 1846 status
630 1805 864 1846 ecclesiarum
896 1807 934 1846 in
964 1806 1246 1860 Mesopotamia
1279 1807 1406 1862 flierit,

120 1870 390 1910 demonstrant.
473 1871 568 1912 Erat
597 1878 723 1909 autem
752 1868 805 1919 *fic
837 1869 1024 1910 distributa
1058 1871 1097 1911 in
1130 1870 1218 1909 duas
1248 1874 1405 1925 prouinss

122 1934 194 1974 cias
224 1935 321 1986 (m).

727 2011 772 2051 X
789 2021 819 2050 x
857 2022 880 2060 3
1302 2011 1404 2056 Pro.

124 2086 262 2094 ——--

259 2087 321 2149 ἐπι)
343 2107 534 2138 Conciliomm
554 2107 586 2137 ab
605 2106 751 2136 Harduino
774 2090 911 2138 editorum
932 2108 1030 2137 Tomo
1051 2106 1078 2135 1.
1096 2116 1124 2146 p.
1142 2107 1209 2147 εις.
