1941 2674
415 147 678 193 NONDVM
716 147 1068 192 DESCRIPTIS.
1309 157 1327 185 1
1339 155 1394 194 27

109 267 190 313 z(
206 278 227 304 2
245 272 346 313 α-«ι-
366 259 702 317 zac—zbc‘JV(
720 279 737 304 1
755 269 890 314 —cc).
955 264 1028 305 Ista
1062 276 1159 305 vero
1184 264 1401 304 attentione

106 343 157 370 eo
191 331 313 382 magis
345 331 459 382 digua
494 343 613 383 puto,
657 331 763 383 quod
804 330 916 370 simul
957 328 1164 368 inserui-„int
1202 328 1247 367 ad
1291 327 1397 379 leges

107 403 290 433 motuum
324 393 362 431 in
395 394 623 446 corporibus
657 406 737 433 non
757 393 919 433 elasticis
938 405 960 433 a
980 390 1215 446 pcrcuffione
1243 390 1400 445 obliqua

108 456 212 496 reete
247 455 499 496 definiendas·

225 550 410 604 Denique
443 550 527 590 fieri
559 550 679 589 etiam
711 547 819 602 poffe
849 556 969 601 puto,
1003 547 1226 600 praesertim
1247 548 1404 601 quando

107 626 228 666 aquae
261 626 400 666 magna
432 613 638 652 velocitate
670 621 711 651 et
741 611 900 663 oblique
943 611 983 649 in
1024 610 1183 662 planum
1225 610 1401 662 irruunt,

108 686 153 716 vt
184 689 366 730 aquarum
400 687 539 727 magna
573 686 658 728 pars
689 673 803 713 instar
836 674 1013 727 corporis
1052 673 1195 712 elastici
1236 672 1402 724 resiliat,

110 741 215 791 quod
247 740 274 781 si
306 739 374 789 fit,
410 738 468 777 vis
501 749 631 778 earum
677 746 811 777 contra
853 736 1012 791 planum
1054 735 1266 776 necessario
1316 748 1404 776 cre-

112 801 194 842 scit.

223 897 256 946 §-
298 907 364 945 14·
400 894 537 935 Prouti
573 894 632 935 vis
666 905 793 934 venae
827 892 983 948 oblique
1003 893 1206 934 incidentis
1224 903 1401 937 accurate

107 955 261 1000 de'finiri
293 958 452 1010 nequit,
484 959 537 998 ita
568 958 652 998 vim
685 957 794 998 fluidi
827 956 970 997 infiniti
1002 957 1042 996 in
1075 957 1188 1010 plana
1228 957 1404 1000 submer-

109 1021 167 1070 stt,
203 1021 296 1061 licet
331 1021 477 1061 directe
511 1021 713 1061 incidentis
764 1029 830 1060 aut
869 1020 1119 1061 resistentiam
1159 1035 1404 1076 corporum,

108 1093 152 1125 vt
184 1084 349 1135 dicitur,
382 1097 404 1125 a
437 1084 567 1124 fluidis
599 1083 832 1138 praecisione
865 1085 1108 1136 geometrica
1149 1085 1406 1126 determinari

109 1144 218 1202 poffe
250 1158 373 1199 nego:
409 1149 518 1188 cuius
557 1148 611 1187 rei
648 1147 749 1187 ratio
784 1156 829 1187 vt
869 1155 1077 1200 appareat,
1119 1148 1406 1188 recordandum

110 1209 176 1251 hic
210 1211 310 1261 erit,
343 1211 447 1263 quod
481 1211 567 1250 dixi
601 1211 635 1259 §.
670 1212 714 1250 6.
750 1210 894 1263 requiri
938 1209 986 1250 ad
1027 1209 1174 1250 restam
1219 1211 1403 1251 aestima-

110 1274 264 1313 tionem
300 1273 362 1313 vis
397 1286 521 1314 venae
552 1285 716 1326 aqueae,
749 1282 795 1312 vt
825 1272 985 1325 planum
1020 1272 1281 1314 consideretur
1314 1286 1406 1314 am·-

113 1335 302 1389 plitudine
334 1348 457 1375 venae
489 1336 613 1376 veluti
646 1334 800 1374 infinite
831 1335 980 1374 maius:
1029 1334 1084 1375 ita
1126 1337 1235 1376 enirn
1286 1337 1409 1390 quiuis

116 1397 343 1452 perspiciet,
376 1398 522 1451 aliquid
556 1397 621 1438 hic
662 1393 737 1437 effe
780 1396 839 1437 isti
882 1396 1088 1450 hypothesi
1133 1411 1157 1438 e
1209 1399 1409 1440 diametro

116 1460 357 1515 oppofitum:
394 1461 542 1500 flumen
575 1461 679 1501 enim
712 1461 754 1499 in
786 1459 946 1512 planum
983 1460 1049 1500 fibi
1085 1459 1319 1502 submersum
1345 1463 1410 1502 in-

115 1536 295 1574 currens,
332 1535 430 1564 vena
468 1523 569 1576 quasi
601 1523 678 1574 est,
728 1522 811 1576 ipso
854 1523 976 1576 plano
1026 1523 1212 1564 infinities
1251 1525 1407 1578 maior,

115 1587 220 1627 vnde
252 1585 296 1626 fit
333 1596 378 1627 vt
415 1587 623 1639 particulae
659 1597 802 1639 aqueae
838 1586 1038 1627 obiectum
1085 1587 1244 1640 planum
1291 1601 1409 1642 prae-

116 1649 340 1689 terfluentes
376 1650 524 1689 ratione
560 1649 679 1702 longe
697 1648 772 1688 alia
793 1648 1052 1690 directionem
1073 1660 1248 1703 mutent,
1286 1662 1406 1704 quam

118 1724 216 1765 quae
235 1711 354 1764 figura
374 1710 529 1752 secunda
553 1710 878 1765 repraesentatur,
912 1725 1035 1765 neque
1055 1723 1215 1767 apparet
1233 1726 1408 1767 quonam

116 1786 284 1815 numero
303 1775 509 1827 particulae
527 1776 569 1815 in
587 1775 750 1815 flumine
768 1774 1030 1815 directionem
1051 1786 1218 1816 mutent.
1239 1776 1413 1817 Vtrum-

118 1849 193 1890 que
227 1836 342 1888 facit‚
380 1849 429 1877 ne
465 1838 525 1877 vis
561 1838 736 1878 fluminis
771 1848 910 1878 contra
945 1838 1106 1891 planum
1137 1847 1312 1881 accurate
1332 1839 1410 1880 ha-

119 1899 274 1940 beatur:
311 1910 424 1953 atque
460 1900 511 1941 fic
546 1914 617 1941 nec
655 1900 883 1950 resistentia,
925 1914 1042 1954 quam
1060 1914 1226 1955 corpora
1254 1903 1294 1942 in
1314 1901 1410 1943 flui-

117 1962 172 2003 do
244 1961 400 2002 infinito
439 1974 548 2004 mota
586 1964 805 2017 patiuntur,
850 1962 1000 2004 definiri
1040 1965 1190 2019 potest,
1237 1965 1309 2008 nifi
1359 1965 1409 2007 ad

115 2026 390 2080 experimenta
426 2036 653 2070 recurratur.

1319 2151 1411 2197 So.
