1941 2674
373 86 774 138 IMPERATORH
805 88 1108 137 AMIDENO.
1272 98 1331 145 36
1334 106 1363 145 7

85 217 208 251 totum
244 208 468 251 Romanum
503 208 638 249 orbem
670 209 757 249 fecit
790 209 905 251 nihili.
990 210 1047 251 At
1078 209 1140 250 hic
1170 208 1268 248 nulla
1300 209 1373 249 alia

85 274 161 313 eius
192 272 296 325 culpa
329 272 416 322 filit,
450 284 564 326 quam
590 273 690 325 quod
720 273 881 312 aduersus
908 271 1145 326 ne‘copinatos
1171 274 1266 311 caius
1294 284 1372 311 uon

84 335 165 375 satis
194 336 258 375 vel
291 336 472 388 praesidiis
503 336 563 374 vel
595 336 761 388 imperio
794 338 968 376 muniuit.
1066 336 1172 377 Ram
1193 365 1204 384 ‚
1248 335 1370 387 quoad

86 398 310 452 Elagabalus
341 397 408 437 fuit
428 428 439 448 ,
489 410 566 437 non
601 398 678 438 iam
711 398 790 438 illas
819 398 1039 438 Parthorum
1075 400 1172 438 vires
1201 397 1374 437 exstitisse

85 463 262 515 reperio,
298 469 342 500 vt
377 470 435 500 tot
466 461 620 501 iactatae
655 461 923 501 calamitatibus
955 461 1165 514 fruet-aeque
1200 461 1377 500 intestino

85 524 215 574 malo,
252 525 446 565 Romanas
476 524 682 576 prouincias
708 524 752 563 ad
780 523 813 563 se
842 524 987 564 traxisse
1020 525 1230 565 videantur.
1297 523 1375 563 Vt-

86 599 248 640 cumque
280 599 403 626 rerum
439 596 606 639 potentes
640 587 852 626 exstiterunt
884 585 1009 626 Perliie
1030 617 1042 637 ,
1093 596 1219 626 tamen
1253 587 1376 639 aliqua

86 651 191 703 regui
227 650 355 690 Persici
395 649 559 702 species,
613 649 722 688 aristis
756 649 1029 702 circumscripta
1063 648 1181 702 spatiis
1217 650 1377 698 mansit,

84 712 146 753 sed
189 712 341 752 obscura
373 713 451 751 eius
482 712 586 763 regui
620 711 675 751 est
711 713 914 752 memoria.
977 712 1152 751 Tandem
1187 712 1375 751 Artaxer-

85 787 156 816 xes
185 774 371 815 Persarum
401 784 470 813 rex
503 772 655 813 Parthos
688 773 838 825 subegit.
901 772 993 812 Inde
1023 774 1102 813 iam
1134 773 1283 825 epocha
1315 786 1376 813 re-

84 839 151 891 gni
181 837 332 885 Persici,
365 836 412 876 ab
441 836 497 875 A.
524 833 572 875 C.
608 841 710 874 226.
742 835 828 875 Kal.
859 835 1085 875 Octobribus
1103 865 1113 884 ,
1156 836 1373 885 exorditur,

85 910 130 940 vt
158 900 344 940 Antonius
369 898 500 950 Pagius
525 898 808 938 demonstrauit.
873 897 998 940 Iidem
1027 898 1378 951 Mesopotamiam,

85 963 259 1003 nondum
299 961 379 1002 satis
421 961 608 1001 munitam
643 960 691 1000 ab
721 961 944 1001 Alexandro
976 961 1119 1014 Imper.
1155 959 1375 1002 inuaserunt.

85 1023 229 1066 Contra
272 1036 338 1065 eos
373 1023 558 1077 profeecus
591 1023 643 1063 est
674 1023 845 1063 Aurelius
880 1024 1099 1064 Alexander
1129 1021 1286 1064 Seuerus
1318 1025 1374 1064 A.

88 1086 136 1129 C.
167 1101 270 1138 229.
334 1088 451 1127 Anno
480 1087 586 1139 post,
623 1085 798 1126 confec‘to
825 1086 948 1136 bello,
984 1087 1094 1126 rediit
1119 1096 1156 1125 et
1174 1085 1268 1126 VII.
1288 1086 1375 1127 Kal.

87 1152 268 1193 octobris
299 1148 561 1202 triumphauit,
584 1149 771 1189 ·Ant0nio
802 1149 918 1201 Pagio
948 1150 1084 1189 iterum
1117 1149 1380 1190 demonstran-

88 1226 138 1255 te.
200 1213 265 1254 De
296 1213 366 1253 hac
401 1213 641 1264 expeditione
673 1210 810 1252 Sextus
837 1210 955 1252 Rufus
986 1215 1069 1259 (vlt
1105 1210 1284 1253 Aurelius
1315 1214 1380 1254 A-

88 1277 265 1319 lexander
297 1276 400 1330 quast
431 1274 510 1324 fato
537 1275 692 1329 quodam
720 1275 758 1314 in
782 1276 942 1315 exitium
967 1273 1138 1330 Pe7ficae
1155 1276 1280 1328 gentis
1307 1286 1378 1315 na-

88 1348 170 1382 tus:
202 1336 276 1394 ipse
309 1335 502 1391 Petsamm
532 1350 653 1390 regem
686 1338 932 1387 nobilzffimum
967 1335 1144 1379 Xerxem
1176 1340 1380 1385 (Artaxer-

88 1410 200 1455 xem)
228 1397 378 1456 gloriose
404 1402 514 1441 victt.
579 1400 694 1454 Apud
721 1401 879 1441 Aelium
908 1401 1169 1454 Lampridium
1199 1404 1284 1450 (x),
1316 1402 1380 1441 A·

89 1466 266 1507 lexander
299 1466 337 1504 in
364 1463 500 1504 Senatu
533 1463 646 1503 dixit:
678 1459 811 1517 Persas
835 1462 879 1505 Ρ.
911 1461 960 1505 C.
986 1465 1156 1504 vicimus.
1223 1460 1378 1505 Terras

86 1530 378 1572 Interamnanas
391 1557 402 1576 ‚
438 1521 729 1580 Mesopotamiae
749 1524 912 1580 stilio-et,
943 1525 1127 1580 neglec‘las
1153 1525 1204 1566 ab
1229 1528 1381 1580 impura

86 1593 154 1634 illa
177 1592 297 1632 bellua
310 1621 320 1638 ‚
354 1591 568 1644 recepimus.
635 1587 894 1630 Artaxerxem
922 1589 1198 1643 potentiffimum
1227 1601 1372 1642 regem,

86 1662 169 1696 tam
192 1667 236 1696 re
252 1685 262 1703 ‚
296 1664 407 1707 quam
432 1654 591 1702 nomine,
613 1648 739 1707 sificm
752 1652 991 1708 fitgauimus,
1019 1654 1076 1694 ita
1093 1659 1138 1693 vt
1165 1664 1243 1693 eum
1268 1658 1378 1693 terra

90 1715 287 1772 Pasarum
323 1715 527 1771 fitgientem
572 1716 730 1755 videret.
836 1716 1068 1756 Herodianus
1107 1714 1164 1755 his
1202 1714 1379 1755 nonnihil

91 1782 291 1834 obstrepit,
325 1778 489 1831 nihilque
526 1779 620 1827 fere,
654 1777 719 1818 uifi
750 1777 897 1818 cladem
930 1779 1198 1820 Romanorum
1232 1778 1381 1819 exerci-

92 1854 197 1884 tuum
220 1875 233 1894 ‚
275 1854 353 1881 non
385 1841 543 1880 invltam
578 1850 711 1880 tamen
743 1841 938 1893 praedicat.
1037 1841 1171 1890 Hunc,
1206 1851 1248 1881 vt
1279 1840 1378 1881 Ale-

91 1908 240 1948 xandro
275 1905 396 1944 minus
436 1916 593 1957 aequum
615 1933 626 1950 ,
677 1913 755 1943 tam
788 1903 915 1944 Aelius
947 1903 1184 1958 Lampridius
1203 1933 1214 1952 ,
1264 1916 1378 1956 quam

93 1970 205 2011 Iulius
239 1966 471 2020 Capitolinus
510 1966 737 2007 nominatim
776 1967 1036 2020 perstringunt.
1139 1965 1279 2006 Mouet
1311 1979 1379 2022 me

1243 2030 1379 2069 mode-

231 2112 307 2152 (υ)
330 2120 352 2143 c.
373 2119 427 2143 22.
559 2108 619 2150 (τ)
639 2118 663 2141 c.
686 2110 733 2150 5⁶·
