1941 2674
428 93 709 144 ORIGINES
745 95 1052 143 RVSSICAE.
1290 113 1384 152 419

101 215 224 266 uauit,
267 214 400 255 eadem
434 217 565 256 omnia
597 216 861 269 significatione
895 217 1047 265 domini,
1081 229 1101 257 a
1133 211 1284 258 Graeco
1315 212 1387 257 κύ-

97 292 178 330 (3¹03
212 286 249 317 ct
283 289 323 317 vt
357 279 481 331 postea
517 280 646 320 dixere
680 278 747 333 κῧρ
787 281 895 319 ducta
928 281 1125 329 videntur,
1170 281 1236 321 nisi
1269 279 1385 321 sihor

95 339 307 380 Gothicum
343 354 430 381 cum
463 342 657 382 Frzincisco
689 342 795 382 lunio
829 352 868 382 et
901 340 1071 395 Georgio
1103 343 1280 383 Hickefio
1313 345 1384 392 (e)

96 403 172 443 hoc
208 406 313 444 censu
351 406 565 444 eximamus
597 416 635 445 et
666 418 686 445 a
717 406 876 446 vis'loria
911 406 1054 446 dietum
1091 415 1282 459 putemus,
1323 419 1384 446 ar-

94 477 280 518 gumento
312 468 410 516 sunt,
443 469 536 508 item
571 481 622 508 ex
657 468 737 508 Sar
771 469 926 521 potuisse
961 468 1041 508 fieri
1074 482 1226 521 metor,
1267 481 1382 520 quam

90 529 138 570 ἐκ
171 528 226 569 τέ
256 544 375 582 nugi&
404 529 485 571 Sir.
554 530 601 570 In
629 530 745 571 Dacia
773 532 888 571 veteri
920 531 1016 570 mihi
1052 533 1183 571 videor
1212 532 1381 572 eiusdem

94 594 259 632 nominis
296 593 446 644 vestigia
488 595 669 646 reperisse.
769 595 832 634 Ad
869 592 1077 646 Surgetiam
1114 594 1272 634 fluuium
1315 594 1382 634 fuit

96 651 416 709 Ζαεμιγὲθεσα
459 656 688 710 βασίλεων,
740 666 783 696 vt
817 654 991 696 Claudius
1027 657 1288 705 Ptolemaeus,
1338 664 1382 696 vt

88 718 180 758 alibi
215 720 315 757 idem
354 716 732 774 Ζαεμισογέθεσα
754 750 765 769 ,
818 720 916 772 quasi
949 716 1002 761 Μ
1002 717 1150 772 jsorum
1184 726 1221 762 et
1255 715 1381 761 Geta-

89 794 172 822 rum
202 780 369 822 thronus.
435 781 497 821 Sic
529 784 566 821 in
602 782 708 821 titulo
739 783 834 834 apud
868 780 1077 823 Gruterum
1110 781 1198 839 (f).

394 859 512 900 IMP.
548 857 702 901 CAES.
736 858 1050 900 ANTONINO

519 933 622 973 Plo.
657 930 790 973 AVG.
830 930 1083 975 COLONIA

398 1001 960 1048 SARMIZAEGETHVSA

87 1084 231 1128 Iterum
264 1086 362 1139 apud
394 1082 599 1126 Gruterum
633 1088 693 1139 (g)

285 1156 552 1198 COLONIA.
587 1157 765 1201 VLPIA.
798 1155 1038 1200 TRAIAN.

287 1227 421 1274 AVG.
456 1228 682 1274 DACICA.
717 1227 1156 1274 SARMIZGETVSA

87 1309 134 1353 In
175 1310 253 1351 aliis
296 1310 370 1350 fere
410 1305 636 1350 SARMIZ.
681 1310 719 1349 in
762 1322 834 1350 vna
874 1305 1066 1351 Zamoscii
1106 1310 1374 1364 inscriptione:

88 1369 408 1417 SARMIZEG.
508 1373 562 1413 Et
603 1374 757 1412 nomina
798 1385 891 1413 vero
932 1374 1151 1426 dignitatum
1194 1376 1380 1428 temporis

87 1438 207 1478 tractu
239 1447 300 1478 aut
331 1436 452 1476 altiori
493 1435 681 1476 maiestate
716 1435 784 1475 sese
819 1435 1029 1476 extulerunt
1049 1468 1060 1486 ‚
1109 1447 1171 1478 aut
1204 1437 1377 1478 vilescere

86 1510 125 1541 et
155 1500 247 1541 infra
279 1499 428 1540 claffem
461 1508 662 1552 coeperunt
693 1499 817 1551 poni,
868 1508 911 1539 vt
941 1501 1083 1540 mirum
1120 1513 1196 1540 non
1226 1501 1298 1551 fit,
1345 1500 1375 1544 fi

86 1564 190 1604 idem
221 1563 306 1603 huic
342 1563 452 1603 titulo
483 1563 529 1602 ab
561 1562 669 1602 omni
701 1574 795 1602 aeuo
827 1561 1013 1603 acciderit.
1083 1562 1168 1603 Hoc
1200 1563 1290 1604 loco
1316 1563 1380 1602 in·-

86 1627 227 1667 uidi-am
264 1626 433 1667 audaciae
466 1624 771 1677 coniectandique
804 1625 998 1678 deprecor.
1065 1626 1176 1667 Nihil
1208 1627 1258 1666 ita
1289 1625 1376 1665 tali·

87 1690 154 1730 bus
188 1690 410 1730 coniec‘turis
451 1689 572 1729 tribuo
592 1720 602 1739 ‚
653 1696 694 1727 vt
725 1688 803 1728 aliis
834 1689 1045 1730 obtrudam.
1142 1688 1241 1730 Dixi
1272 1688 1374 1742 quod

87 1753 185 1794 mihi
218 1753 410 1793 videatur:
463 1751 582 1805 potest
623 1750 700 1791 aliis
731 1751 856 1793 videri
884 1751 989 1791 aliter
1008 1783 1019 1803 ‚
1070 1764 1147 1791 non
1179 1764 1369 1806 repugno.

87 1817 163 1872 Qui
199 1815 390 1857 Rusticum
423 1813 459 1855 C
464 1827 535 1855 zar
566 1827 586 1854 a
619 1810 782 1867 Caesare
816 1815 1002 1864 defluant,
1036 1814 1237 1855 maioribus
1269 1814 1374 1855 diffi-

86 1879 280 1918 cultatibus
311 1888 486 1930 vrgentur
507 1905 517 1925 ‚
571 1878 718 1930 quaudo
758 1879 796 1918 in
831 1877 912 1918 aula
944 1875 1122 1928 Byzanti-„1
1156 1890 1240 1917 raro
1273 1876 1374 1917 vsur-

85 1951 190 1996 patus
232 1942 284 1981 est
330 1941 452 1981 titulus
492 1937 670 1994 Cazsaris
711 1949 748 1979 et
788 1941 860 1980 sere
906 1941 1046 1982 minori
1086 1941 1261 1993 dignitate
1307 1940 1374 1980 fuit

665 2000 704 2043 G
721 2016 746 2055 g
764 2017 789 2056 g
828 2018 850 2042 2
1253 2015 1368 2061 quam

227 2088 280 2123 (e)
313 2090 342 2116 ln
367 2090 546 2119 Grammatica
571 2091 674 2118 Franco
701 2090 846 2118 Theotisca
870 2101 898 2129 p.
921 2093 970 2132 98,
991 2101 1020 2120 2.
1047 2087 1115 2120 adde
1138 2100 1200 2120 eum
1223 2092 1250 2119 in
1272 2093 1372 2123 Gram-

88 2129 184 2159 natica
204 2129 299 2167 Anglo
318 2129 450 2160 saxonica
471 2139 500 2170 p.
521 2139 585 2162 120·
665 2129 727 2169 (f)
748 2139 775 2169 p.
795 2138 862 2169 257.
889 2142 915 2165 ι.
1002 2132 1064 2172 (g)
1088 2143 1115 2172 p.
1136 2139 1206 2171 437.
1229 2140 1255 2164 ι.
