1941 2674
382 97 787 147 IMPERATORE?
817 97 1126 150 AMIDENO.
1304 107 1392 157 363

108 219 305 266 terminos,
342 225 531 273 tamquam
555 233 582 261 a
609 227 750 262 natura
779 221 958 272 tributos,
992 221 1124 278 Ifh‘um
1148 226 1185 263 et
1212 216 1400 276 Euphra-

111 287 184 321 tem
212 279 325 335 ρ’)Ιὶιί.
410 284 534 339 Quare
556 314 567 332 ‚
610 285 674 324 vbi
706 283 851 324 Iuliano
882 285 968 325 alibi
1004 289 1070 338 (g)
1101 284 1226 338 Tigris
1257 284 1401 325 Perfiae

109 344 350 398 Romanique
389 348 487 386 orbis
528 340 625 399 8301,-
666 346 845 403 α’ᾶχάἴος
882 355 990 388 vetus
1022 349 1199 389 terminus
1242 347 1396 397 dicitur,

109 417 281 460 tempora
310 407 615 462 Imperatorum,
650 412 709 463 qui
737 411 822 463 post
848 410 1057 463 Augustum
1085 409 1251 460 filerunt,
1283 409 1397 463 respi-

107 471 261 509 ciuntur.
327 471 460 524 Neque
495 482 622 512 tamen
652 473 930 526 Metopotamia
963 472 1075 513 semel
1111 473 1279 526 acquisita
1306 473 1394 514 Ro-

107 545 309 572 manorum
343 535 380 572 iu
414 535 594 586 potestate
630 536 784 581 mansu,
817 547 934 588 neque
967 535 1050 589 post
1086 534 1272 576 Iulianum
1307 547 1395 575 cae-

107 594 210 643 firm,
250 597 516 638 Romanorum
545 598 582 635 in
611 598 788 650 potestate
816 611 1022 651 numquam
1050 598 1129 638 fuit.
1196 599 1282 638 Hoc
1309 598 1392 651 qui-

105 658 195 696 dem
230 659 395 698 nostrum
432 672 525 699 nunc
558 672 633 699 uon
665 661 717 700 est
748 660 940 710 refellere,
983 660 1102 700 isthuc
1137 670 1261 701 autem
1296 661 1392 700 alte-

107 733 192 759 rum
226 720 265 761 S.
286 721 404 763 Rufus
431 721 590 761 breuiter
615 722 799 772 confutat,
833 724 917 775 qui,
950 736 1037 763 cum
1065 722 1390 776 Mesopotamiam

105 783 152 823 ab
185 782 376 822 Hadriano
408 783 518 822 Perfis
557 785 739 823 redditam
773 785 921 823 dixisset
940 814 950 834 ,
994 785 1044 824 ita
1077 784 1160 824 infit
1191 784 1280 836 (h):
1316 783 1393 838 sed

98 846 220 901 postea
246 842 320 897 sub
351 844 544 886 Antoninis
583 846 718 886 duobus
757 843 898 888 Marco
937 852 976 887 et
1013 844 1104 887 Vero
1143 853 1182 888 et
1223 846 1387 896 Seuero,

103 907 296 950 Pertinace
335 910 539 962 ceterisque
580 907 808 963 Principibus
840 910 1017 953 Romanis
1059 917 1197 964 quater
1239 909 1387 964 amssa,

102 977 238 1024 quater
265 976 414 1025 recepta
445 968 715 1025 Mesopotamia
748 972 806 1023 est.
902 975 940 1014 A
975 973 1143 1013 Traiano
1176 974 1307 1026 igitur,
1348 981 1390 1013 vt

103 1033 221 1075 Rufus
250 1034 385 1074 eodem
419 1033 505 1073 loco
538 1034 683 1074 testatur
704 1064 716 1083 ‚
768 1033 874 1077 limes
903 1034 1093 1076 orientalis
1109 1032 1234 1090 supra
1264 1037 1388 1091 ripam

103 1094 278 1149 Tigridis
307 1096 506 1147 constitutus
539 1097 596 1150 est.
696 1097 748 1138 Et
777 1098 864 1138 alibi
899 1099 937 1147 (i
948 1100 986 1150 ):
1029 1097 1274 1155 Antemufium
1308 1100 1389 1154 opi-

103 1172 202 1201 mam
251 1158 411 1214 Petssdis
467 1159 645 1212 region‘em
697 1163 843 1216 accepit
894 1173 941 1202 ac
993 1163 1122 1202 tenuit.
1237 1160 1389 1203 Scilicet

102 1222 255 1264 Persidis
305 1223 411 1275 regio
451 1222 695 1264 Anthemusia
717 1255 728 1274 ‚
781 1225 883 1278 quod
925 1225 964 1264 in
1005 1224 1194 1265 Persarum
1242 1225 1387 1266 ditione

102 1286 236 1326 suiffct.
339 1284 488 1326 Numus
520 1286 572 1325 est
604 1287 748 1339 insignis
780 1288 876 1341 apud
909 1287 1154 1341 Angelouum
1176 1318 1187 1338 ,
1241 1288 1280 1327 in
1309 1299 1386 1341 quo

102 1349 282 1389 Traianus
318 1349 507 1401 paludatus
536 1349 634 1389 iuter
666 1350 760 1390 duos
791 1362 918 1391 amnes
950 1351 1040 1401 stat,
1072 1360 1161 1405 puta
1184 1350 1386 1403 Tigridem

103 1421 141 1452 et
179 1411 424 1464 Euphratem.
507 1412 794 1454 ARMENIA.
832 1413 921 1454 ET.
957 1412 1385 1456 MESOPOTAMIA.

102 1474 182 1516 IN.
216 1474 602 1516 POTESTATEM.
641 1476 682 1516 P.
718 1477 773 1519 R.
808 1475 1139 1520 REDACTAE.
1237 1477 1384 1519 Rufus:

102 1536 315 1581 Prouincias
336 1535 428 1591 sbcit
441 1569 451 1587 ‚
480 1537 720 1589 Armeniam,
746 1537 956 1595 Assyriam,
988 1547 1025 1581 et
1050 1535 1384 1594 Mesopotamiam,

102 1613 200 1655 quae
222 1601 324 1641 intra
342 1597 538 1653 Tigridem
563 1609 675 1656 atque
693 1601 937 1657 Euphratem
954 1603 1059 1658 fita,
1093 1605 1243 1656 irriguis
1266 1604 1388 1644 amm·-

101 1665 170 1706 bus
204 1664 318 1716 instar
355 1663 519 1719 Aegypti
541 1665 830 1720 foecundantur.
924 1664 1129 1707 Coloniam
1168 1676 1295 1707 tamen
1336 1665 1385 1706 ab

99 1728 238 1768 eodem
268 1727 467 1767 deductam
500 1730 654 1768 inuenio
685 1729 848 1780 nullam,
880 1730 1015 1778 credo,
1049 1730 1148 1783 quod
1179 1730 1223 1769 iis
1253 1729 1386 1770 aduer-

98 1791 151 1831 fi1s
176 1789 293 1831 Persas
322 1791 509 1843 praesidiis
539 1791 577 1831 iu
603 1791 879 1845 Mesopotamia
910 1794 965 1834 vti
998 1792 1131 1834 nollet.
1195 1791 1289 1834 Satis
1312 1792 1382 1832 de-

98 1854 184 1894 inde
215 1853 378 1903 constat,
417 1854 675 1905 Hadrianum,
708 1865 752 1896 vt
782 1857 829 1896 de
862 1856 1030 1896 laudibus
1059 1856 1211 1909 Optimi
1242 1854 1383 1896 Princi-

98 1917 155 1971 pis
185 1915 413 1963 detraheret,
456 1916 775 1971 Mesopotamiam
809 1919 995 1960 restituisse
1025 1919 1167 1969 Perus,
1205 1927 1248 1959 vt
1283 1917 1384 1958 orbis

99 1980 273 2022 Romani
306 1980 484 2019 terminus
518 1981 652 2021 iterum
684 1981 771 2023 estet
801 1983 1021 2037 Euphrates.
1086 1982 1134 2023 L.
1169 1981 1383 2023 Antoninus

684 2041 722 2084 Z
741 2056 764 2085 z
799 2059 823 2085 2
1259 2045 1382 2085 Verus

243 2124 300 2163 (g)
321 2123 398 2155 Orat.
415 2125 436 2154 Ι.
456 2132 482 2163 p.
499 2133 546 2164 23.
627 2125 680 2165 (b)
712 2135 736 2158 c.
752 2124 832 2159 XIV.
914 2126 964 2166 (i)
984 2108 1383 2161 g—Xxu———ffl—
