1941 2674
305 145 391 188 EX
434 137 666 186 Tm‘ix‘co
699 141 948 185 ARssoms
979 143 1189 187 ENATO.
1311 152 1394 196 203

113 263 298 302 Triftitu
333 263 380 302 de
414 261 479 302 vsu
522 263 715 315 partium,
765 274 880 315 quem
923 258 1164 301 Germanico
1208 262 1399 303 idiomate

117 326 316 378 conscripti
351 337 387 365 et
426 328 463 364 in
505 339 580 378 quo
624 325 742 364 ctiam
785 325 891 365 vsum
946 325 1177 377 singularum
1230 326 1400 378 partium

114 390 330 441 plantarum
365 401 550 441 exponi),
583 388 792 428 clariffimis
826 398 938 441 atque
970 387 1252 441 circumspectis
1272 388 1402 430 obser-

114 453 329 491 unionibus
362 452 506 502 docui,
543 463 718 503 gemmas
758 463 808 490 ex
848 451 1016 491 medulla
1049 452 1199 503 prodire
1250 460 1289 491 et
1328 464 1398 505 per

116 514 317 553 fiilulotiun
353 514 447 565 ligni
479 513 712 553 substantiam
753 525 981 566 erumpere,
1026 514 1092 552 vbi
1126 512 1218 553 folia
1250 514 1398 554 surculo

112 577 335 616 adhaerent.
404 576 538 615 Immo
570 574 645 613 hoc
680 576 939 613 vniucrraliter
970 587 1108 614 verum
1129 573 1202 614 effe
1223 577 1261 615 in
1284 577 1398 616 omni

114 641 328 692 plantarum
363 650 500 689 genere
534 638 611 675 iam
645 635 743 674 olim
779 637 878 675 euici
912 637 951 675 in
984 637 1221 676 Tentamine
1252 640 1297 678 de
1324 651 1397 678 ve·-

113 715 153 741 ra
185 700 286 742 causti
320 697 649 751 multiplicationis
680 696 864 736 frumenti
907 698 1093 737 idiomate
1126 700 1256 752 patrio
1298 713 1397 742 con-

112 763 240 816 scripti
272 774 311 802 et
342 762 417 800 hoc
451 759 531 812 ipso
552 771 654 799 anno
683 759 722 798 in
742 759 1002 812 Anglicanum
1025 763 1196 801 translati
1277 762 1396 803 Prae-

112 837 211 866 terea
242 824 382 864 dudum
418 822 554 870 docui,
589 822 693 861 sicuti
726 822 878 874 singulis
922 824 1028 862 annis
1069 836 1193 864 nouae
1235 824 1395 867 nascun-

108 898 168 928 tur
200 886 342 926 fistulae
376 885 473 923 circa
507 896 594 935 eas,
630 896 726 937 quae
760 897 863 924 anno
896 887 1106 938 praeterito
1126 899 1394 941 excreuerant‚

105 951 146 989 in
178 950 313 987 orbem
347 947 574 1000 dispositae,
607 948 656 986 ita
691 960 835 988 nouam
869 961 1018 1002 quoque
1046 950 1206 1002 produci
1225 949 1396 991 substan-

104 1012 200 1051 tiam
247 1010 504 1050 medullarem
546 1010 637 1050 loco
682 1011 941 1061 intermedio,
994 1025 1088 1065 quae
1128 1024 1180 1053 ex
1219 1014 1394 1054 Vtriculis

102 1073 319 1127 composita
354 1073 494 1112 fistulas
528 1074 616 1112 anni
651 1075 910 1126 praecedentis
941 1076 1167 1115 immediate
1199 1076 1322 1116 ambit
1351 1085 1392 1117 et

99 1149 204 1176 anno
236 1141 353 1189 quoni
385 1148 560 1187 gemmas
592 1137 825 1189 suppeditat,
860 1139 1192 1189 quemadmodum
1219 1140 1392 1180 medulla

101 1201 249 1252 primo.
316 1199 577 1239 Mtdullarem
611 1200 718 1239 enim
752 1199 990 1240 lubstantiam
1024 1202 1196 1253 gemmis
1231 1212 1391 1255 protru-

101 1263 148 1303 sis
179 1262 330 1315 penitus
362 1262 581 1312 exhauriri,
613 1272 655 1302 vt
687 1263 734 1302 ad
770 1263 996 1303 vlteriorem
1041 1264 1188 1304 arboris
1228 1274 1392 1317 vegeta-

100 1326 255 1365 tionem
288 1324 439 1378 prorsus
471 1326 615 1365 inutilis
650 1326 810 1377 euadat,
843 1336 882 1365 et
913 1327 1083 1379 autopsia
1110 1327 1388 1381 mici-oscopica

100 1388 279 1438 testatur,
309 1397 349 1428 et
382 1388 534 1441 plantae
568 1389 760 1440 singulae,
813 1401 911 1441 quae
957 1390 1023 1428 vbi
1066 1389 1207 1430 semina
1246 1391 1388 1431 dedere

101 1451 228 1491 statim
278 1452 521 1490 emoriuntur
545 1481 556 1501 ‚
615 1450 816 1490 clariffime
872 1452 1094 1504 loquuntur.
1184 1454 1387 1508 Quoniam

100 1514 229 1567 itaque
260 1514 383 1554 trunci
415 1513 597 1554 arborum
634 1514 785 1566 fingulis
818 1515 926 1554 annis
957 1528 1036 1554 non
1069 1516 1196 1555 minus
1220 1517 1386 1557 substan-

98 1577 152 1617 tia
188 1576 416 1627 medullari,
449 1589 564 1630 quam
609 1576 857 1617 vtriculofiim
908 1575 983 1617 effe
1024 1579 1221 1631 diximus,
1268 1592 1386 1633 quam

98 1652 201 1680 noua
234 1639 445 1680 fistularum
478 1638 571 1679 serie
610 1650 821 1693 augentur·⁷
877 1653 1070 1694 nunquam
1122 1642 1206 1694 ipsis
1254 1643 1387 1684 desunt

97 1715 346 1755 gemmarum
380 1713 491 1757 atque
523 1702 664 1742 florum
700 1704 941 1753 rudimenta,
983 1705 1226 1757 productioni
1259 1706 1386 1746 surcu-

96 1765 228 1805 lorum
262 1776 301 1805 et
335 1777 582 1818 gemmarum
615 1767 854 1818 grauidarum
879 1767 1097 1819 profutura:
1129 1768 1231 1808 deest
1250 1768 1384 1809 saltem

98 1828 280 1882 pabulum
312 1827 527 1879 sufficiens,
560 1841 638 1881 quo
673 1829 747 1868 illa.
770 1842 867 1883 opus
898 1829 1065 1880 habent,
1097 1840 1139 1872 vt
1168 1830 1306 1871 fistulas
1333 1831 1385 1871 li-

97 1903 212 1943 gneas
243 1904 263 1930 a
305 1890 338 1931 se
380 1891 550 1932 inuicem
601 1892 784 1932 diuellaut
835 1894 1096 1948 corticemque
1146 1895 1384 1948 perforantes

97 1954 198 1994 foras
231 1965 450 2008 erumpant.

659 2141 724 2184 Cc

758 2156 782 2182 ὲ)

1261 2146 1382 2190 Nihil
