1941 2674
551 120 639 160 214
939 102 1211 166 QVINQVE
1246 99 1394 145 Nom

546 225 604 277 git
635 221 844 276 pistillum,
877 223 982 273 quod
1014 223 1152 262 deiude
1194 220 1275 260 abit
1315 220 1354 259 in
1394 216 1561 260 fructum
1601 216 1636 258 B
1676 226 1839 272 quatuor

548 288 682 327 baccas
719 284 787 324 sibi
827 284 995 324 inuicem
1038 283 1227 338 appositas
1267 283 1528 333 referentem,
1580 283 1620 320 in
1673 291 1839 333 quatuor

547 350 808 389 loculamenta
830 344 863 385 C
881 346 1046 388 diuisum
1063 378 1074 398 ‚
1106 345 1314 386 seminibus
1334 344 1376 385 D
1396 345 1500 385 foeta
1520 344 1772 385 subrotundis.

662 440 1210 482 SIPHONANTHEMVM
1246 439 1366 480 salicis
1397 439 1524 492 folio,
1563 440 1661 480 flore
1704 440 1839 481 flaues-

547 515 669 547 cente.

662 601 700 641 E
731 598 897 640 caulibus
929 598 1066 648 restis,
1101 600 1308 647 viridibus,
1342 598 1500 649 sinatis,
1532 599 1624 639 folia
1645 599 1753 640 nullo
1773 610 1841 640 or·-

547 663 639 704 dine
673 665 720 704 ad
756 663 886 703 breuia
928 661 1013 702 satis
1055 662 1254 703 interualla
1295 664 1497 713 oriuntur,
1549 675 1644 715 quae
1691 661 1841 714 salignis

549 727 848 780 quodammodo
880 725 1018 765 similia
1051 724 1155 774 sunt,
1191 736 1265 765 tres
1298 725 1380 778 plus
1415 727 1544 765 minus
1584 726 1715 765 vncias
1747 725 1839 765 lon-

548 803 622 842 ga,
655 790 834 840 vtrinque
868 787 1093 839 angustata,
1119 789 1303 841 pollicem
1347 798 1498 841 praeter
1539 798 1699 841 propter
1740 789 1840 841 lata,

550 854 592 892 in
632 862 786 892 acutum
830 863 1059 891 mucronem
1112 852 1341 900 terminata,
1382 850 1604 890 breuiffimis
1655 851 1845 904 pediculis

550 916 774 965 insidentia,
807 923 890 954 tam
920 912 1076 966 superne
1109 927 1225 967 quam
1256 913 1402 953 inferne
1436 913 1579 954 intense
1599 914 1757 955 viridia.

667 1006 808 1047 Versus
839 1006 1102 1048 summitate-m
1144 1008 1313 1048 caulium
1359 1007 1422 1047 vel
1460 1020 1512 1049 ex
1566 1008 1687 1049 latete
1736 1007 1845 1049 foliis

550 1071 758 1125 opposit0‚
790 1070 853 1110 vel
886 1071 1001 1123 paulo
1034 1070 1140 1124 supra
1172 1071 1367 1122 originem
1407 1069 1620 1123 foliorum,
1676 1080 1742 1110 aut
1790 1083 1843 1111 ex

550 1134 637 1188 ipsis
670 1134 811 1174 horum
844 1133 912 1173 alis
944 1134 1112 1186 pediculi
1143 1133 1364 1173 enascuntur
1398 1133 1566 1186 virides,
1600 1133 1845 1186 craffiusculi,

550 1197 757 1251 pollicares
790 1196 872 1249 plus
906 1198 1050 1247 minus,
1085 1197 1125 1236 in
1160 1197 1258 1236 alios
1288 1197 1463 1236 minores
1492 1196 1727 1251 pedunculos
1745 1206 1840 1249 tres,

550 1269 714 1313 quatuor
745 1259 811 1299 vel
843 1261 1009 1312 quinque
1043 1259 1242 1300 vmbellae
1275 1260 1315 1299 in
1360 1259 1527 1301 modum
1567 1259 1700 1310 diuifi,
1743 1272 1844 1313 quo—

550 1336 639 1364 rum
672 1322 808 1375 finguli
841 1323 1014 1374 calycem
1045 1331 1184 1376 gerunt
1216 1322 1451 1374 misenum,
1493 1323 1534 1363 in
1575 1324 1741 1376 quinque
1783 1323 1843 1363 se-

551 1395 711 1439 gmenta
741 1382 964 1436 dissectum,
1008 1386 1108 1426 vnde
1149 1385 1268 1425 flores
1306 1386 1512 1438 oriuntur,
1563 1397 1615 1427 ex
1657 1385 1841 1425 biunciali

550 1449 614 1489 seu
644 1448 848 1500 triuncali,
882 1462 904 1489 e
938 1450 1054 1490 viridi
1086 1447 1304 1489 flauescenti
1335 1448 1632 1502 gracillimoque
1674 1447 1768 1488 tubo
1798 1449 1841 1488 in

552 1511 749 1552 calathum
782 1512 1105 1566 quadripartitum
1140 1512 1323 1565 expansi,
1355 1512 1497 1553 coloris
1527 1512 1671 1566 pallide
1704 1509 1844 1551 flaues-

535 1575 694 1626 'centis‚
731 1575 771 1614 in
802 1575 906 1615 cuius
937 1576 1074 1616 medio
1105 1575 1273 1615 emicant
1303 1574 1418 1625 stylus
1449 1587 1673 1629 purpureus,
1709 1574 1842 1614 incur-

551 1650 646 1690 uuS,
680 1647 720 1678 et
751 1647 915 1690 quatuor
945 1648 988 1678 vt
1020 1638 1231 1692 plurimum
1263 1637 1424 1678 stamina
1455 1639 1628 1680 eiusdem
1668 1636 1840 1688 coloris,

549 1702 721 1755 apicibus
749 1699 881 1754 fuscis,
911 1700 1208 1755 triangu1aribus
1238 1700 1430 1741 instructa.

669 1795 805 1838 Flores
837 1793 1105 1850 subsequuntur
1143 1796 1282 1838 fructus
1321 1794 1686 1849 quadricapsulares,
1741 1796 1841 1837 viri-

553 1859 644 1910 des,
684 1859 749 1912 qui
779 1870 831 1899 ex
862 1869 1025 1912 quatuor
1062 1860 1163 1913 quas!
1211 1861 1334 1901 baccis
1383 1858 1593 1913 compofiti
1641 1859 1835 1902 videntur.

550 1921 598 1963 In
629 1921 784 1974 finguliS
813 1920 1083 1963 loculamentis
1111 1922 1239 1963 semen
1269 1923 1487 1964 continetur
1524 1922 1709 1975 Vnicum,
1749 1921 1838 1964 sub-

552 1985 761 2027 rotundum
775 2015 788 2036 ,
824 1985 968 2026 coloris
997 1997 1020 2026 e
1050 1986 1169 2028 viridi
1198 1986 1444 2029 flauescentiS.

1610 2075 1842 2124 SIPHON-
