1941 2674
543 71 635 120 408
866 65 1151 113 ORIGINES
1184 64 1492 121 RVSSICAE.

538 195 626 224 rum
662 183 709 225 ab
740 183 852 239 stirpe
886 197 989 240 reges
1022 194 1146 236 erant,
1181 184 1427 234 dissentirent,
1463 197 1548 239 rege
1576 184 1700 240 pulso,
1734 186 1825 228 No-

540 247 800 300 uogrodienses
828 246 937 290 fasces
961 249 1196 289 contulerunt
1221 249 1260 289 in
1281 245 1593 300 Gostomyslum,
1626 250 1726 303 quod
1745 250 1825 303 qui-

540 309 632 349 dem
662 312 713 351 ita
746 311 918 352 testantur
948 311 1097 354 Ruffica
1129 321 1399 362 monumenta,
1435 312 1558 352 virum
1593 309 1728 352 Slauici
1758 324 1828 366 ge·-

542 373 659 423 neri5‚
694 382 737 413 vt
763 373 826 413 vel
852 386 993 415 nomen
1020 374 1159 414 indicio
1185 374 1262 427 est,
1297 375 1360 428 alii
1390 374 1495 416 Ruffi
1526 375 1616 415 alios
1650 376 1689 415 in
1723 376 1829 429 prin-

541 436 653 487 cipes.
719 435 795 476 Illo
829 447 956 477 autem
989 436 1070 489 ipso
1104 433 1354 487 Gostomyslo
1387 437 1537 477 auctore
1557 467 1568 487 ,
1611 438 1737 478 multis
1768 438 1829 477 in-

540 498 681 539 testinis
714 498 862 539 diffidiis
892 509 930 540 et
961 500 1176 540 tumultibus
1206 499 1335 550 frasti,
1368 512 1418 540 ex
1451 501 1528 539 eius
1562 501 1677 552 regis,
1712 512 1827 553 quem

540 562 783 614 pepulerant,
811 563 934 603 domo
960 562 1160 603 haeredem
1179 563 1390 612 Ruricum,
1418 563 1563 602 circiter
1583 564 1634 603 A.
1650 561 1696 603 C.
1723 568 1778 602 86
1787 576 1826 603 2.

539 636 758 665 reuocarunt
788 626 1128 679 Nouogrodienses.
1195 626 1326 667 Rurici
1357 624 1438 665 filio
1467 625 1571 678 Igori
1599 625 1698 678 Oleg
1729 636 1830 667 tutor

540 688 628 728 suit:
662 689 692 728 is
724 689 927 739 Kiouiam,
961 691 1112 730 interim
1144 688 1190 729 ab
1217 688 1384 729 Oscoldo
1410 698 1447 727 et
1473 689 1593 738 Diro‚
1628 687 1829 731 scandina-

539 751 612 790 uici
644 753 786 803 generis
817 753 1058 806 principibus,
1095 764 1215 804 regno
1247 751 1401 793 Roffico
1435 751 1674 805 superioribus
1703 764 1830 793 rerum

540 815 839 855 conuersionibus
872 815 1092 868 abreptam,
1128 827 1176 853 eo
1209 815 1383 854 maxime
1416 816 1574 854 nomine
1608 815 1829 865 vindicauit,

540 877 641 928 quod
672 878 718 916 ad
751 877 886 917 iustum
917 879 1118 917 domiuum
1152 878 1300 916 rediret.
1377 875 1470 917 Inde
1504 878 1580 917 iam
1614 888 1830 931 recuperata

539 938 617 978 suut
649 949 793 989 cetera,
826 952 919 992 quae
952 951 1060 980 autea
1093 939 1233 980 Ruffici
1259 949 1298 979 et
1323 940 1485 980 nominis
1516 941 1613 980 fuere
1644 949 1682 980 et
1713 942 1831 995 regni.

689 1063 762 1105 Ista
795 1077 919 1104 rerum
958 1073 1156 1105 momenta
1187 1064 1422 1105 coniunctim
1455 1064 1576 1117 posui,
1614 1073 1657 1104 vt
1684 1066 1831 1108 summa

540 1139 712 1168 mearum
748 1129 1017 1180 cogitationum
1051 1140 1129 1167 vno
1160 1128 1304 1166 ambitu
1335 1128 1568 1181 spec'taretur.
1632 1129 1830 1184 Quaedam

540 1191 621 1230 sunt
662 1203 754 1244 quae
799 1191 994 1230 laboriosas
1038 1191 1374 1230 demonstrationes
1417 1192 1609 1243 requirunt
1650 1202 1686 1231 et
1726 1193 1831 1232 alteri

544 1254 663 1305 magis
693 1254 783 1293 loco
815 1264 941 1307 aptas,
985 1266 1096 1306 quare
1133 1253 1228 1293 mihi
1262 1254 1412 1293 interim
1448 1255 1604 1294 concedi
1638 1264 1830 1308 tamquam

542 1315 768 1369 hypotheses
793 1318 933 1367 veiim,
968 1318 1146 1369 quoniam
1174 1316 1313 1356 confici
1340 1326 1417 1356 tam
1445 1317 1612 1357 celeriter
1640 1330 1714 1356 nou
1743 1331 1832 1371 pos-

543 1379 636 1419 sunt.
703 1380 806 1422 Ante
837 1382 1020 1422 Ruricum
1055 1374 1158 1433 reges
1189 1379 1334 1421 Ruffiae
1365 1379 1465 1420 fuisse
1497 1393 1548 1420 ex
1579 1379 1832 1434 skioldungo-

543 1455 630 1483 rum
670 1443 908 1484 illustriffima
947 1444 1067 1483 domo
1107 1453 1145 1482 et
1183 1444 1305 1493 alim,
1358 1453 1437 1483 turn
1469 1441 1613 1483 Snorro
1647 1442 1832 1485 Sturlaeus

545 1518 613 1545 nos
646 1507 778 1556 docet,
820 1517 898 1546 tum
933 1507 1025 1546 aliae
1059 1506 1160 1559 sagae
1193 1505 1539 1559 Septemtrionales.
1622 1506 1675 1546 Et
1708 1508 1832 1549 Ruffi-

544 1581 633 1608 cum
671 1582 813 1609 nomen
844 1570 944 1609 fuisse
970 1571 1113 1611 Rurico
1147 1570 1326 1622 antiquius
1351 1582 1401 1608 ex
1428 1582 1476 1608 co
1510 1569 1671 1621 colligo,
1706 1572 1831 1623 quod,

546 1644 634 1674 cum
667 1635 718 1676 A.
753 1637 852 1683 864.
889 1636 990 1682 865.
1020 1633 1260 1681 Kiouienses‚
1297 1633 1357 1685 qui
1389 1643 1469 1672 tum
1498 1632 1556 1672 sub
1584 1633 1725 1674 Rurico
1754 1647 1831 1674 nou

544 1705 672 1744 eraut,
708 1693 1161 1748 Constantinopolitanam
1181 1695 1461 1749 expeditionem
1482 1695 1720 1748 susciperent,
1753 1698 1831 1737 iam

535 1759 597 1799 ita
630 1759 887 1812 peruuigatum
925 1771 1066 1798 nomen
1097 1759 1187 1808 fuit,
1221 1769 1261 1799 vt
1285 1756 1611 1812 Constantinopoli
1639 1758 1737 1800 haud
1764 1761 1834 1800 ali-

526 1830 627 1873 ·ter‚
659 1834 772 1874 quam
804 1821 907 1864 Ruffi
943 1822 1161 1870 dicerentur.
1234 1822 1389 1861 Testem
1421 1822 1506 1862 vide
1538 1834 1721 1863 coaeuum
1756 1824 1834 1866 Ni-

545 1893 671 1929 ¹<tetam
697 1883 1004 1937 Paphlagonem,
1038 1898 1085 1927 ne
1117 1885 1210 1926 forte
1244 1885 1453 1933 existimes,
1489 1895 1651 1934 ceteros,
1685 1888 1746 1939 qui
1779 1887 1834 1926 se-

543 1948 620 1991 -rius
644 1948 919 2001 prodiderunt,
952 1949 1148 1994 recentiori
1177 1949 1331 1989 nomine
1361 1948 1498 1988 abusos.
1580 1949 1734 1989 Testem
1766 1951 1836 1990 de-

544 2012 635 2056 inde
662 2011 785 2058 ‚habes
823 2011 1014 2058 Photium¹
1041 2012 1293 2054 Patri-archam
1337 2011 1376 2054 in
1420 2010 1574 2067 epistola
1615 2013 1832 2065 encyclica,

1757 2088 1833 2130 quo
