1941 2674
539 108 620 146 116
635 106 713 146 DE
745 100 986 144 LEGIBVS
1013 101 1373 163 ,QVIBVSDAM
1407 100 1783 145 MECHANICIS

535 233 581 260 ro
617 220 757 259 tribuat
790 220 909 259 casui:
942 219 1097 272 possunt
1130 219 1237 258 enim
1274 219 1370 257 duae
1404 219 1443 257 in
1477 217 1665 270 proximo
1707 231 1820 271 para-

532 282 683 335 grapho
716 292 919 321 annotatae
949 283 1117 321 rationes
1149 292 1233 319 rem
1268 282 1319 319 ita
1354 290 1526 331 mutare,
1561 291 1604 319 vt
1626 281 1684 319 vis
1702 294 1819 333 aqua-

531 358 621 385 rum
654 346 800 384 oriatur
833 345 957 384 modo
995 344 1148 393 maior,
1184 344 1307 382 modo
1343 344 1472 383 minor
1501 344 1671 395 pondere
1692 344 1822 394 cylin-

531 407 591 447 dri
625 408 735 459 aquei
769 407 891 458 illius,
927 418 1042 459 quem
1076 404 1249 445 adhiberi
1282 404 1412 445 solent.
1479 405 1585 445 Haec
1619 407 1664 445 de
1697 417 1821 458 expe-

533 470 726 509 timentis:
764 470 965 509 videamus
998 480 1122 518 nuuc,
1157 469 1248 521 quid
1288 469 1328 506 in
1371 468 1523 507 theoria
1567 467 1818 521 profecerint:

532 532 596 571 hic
628 545 724 572 vero
757 545 839 571 rem
873 532 925 570 ita
957 530 1307 581 considerabimus,
1348 540 1391 570 vt
1409 542 1614 583 appareat,
1647 531 1736 584 quid
1757 529 1820 570 fu-

531 604 661 635 turum
696 595 757 645 sit,
795 595 819 635 fi
853 594 955 634 nulla
987 593 1197 633 suboriatur
1216 605 1336 633 venae
1370 593 1606 645 contractio,
1627 602 1666 646 et
1699 605 1820 645 aquae

529 657 644 698 fimUl
676 658 787 697 omni
819 656 1053 706 velocitate,
1085 668 1200 708 quarn
1234 657 1274 695 in
1314 655 1467 696 theoria
1507 655 1647 696 habere
1681 655 1820 710 poffint

534 721 604 766 (ea
640 732 783 773 nempe
819 732 915 772 quae
948 719 1130 759 debeatur
1163 719 1236 758 toti
1268 731 1450 771 aquarum
1484 719 1675 759 altitudini
1712 718 1820 771 supra

531 780 731 833 foramen)
766 782 951 832 exiliant,
985 782 1037 820 ita
1071 791 1114 820 vt
1148 794 1246 820 nunc
1278 781 1458 832 cylindrus
1476 793 1609 834 aqueus
1638 780 1821 823 correuus

531 857 612 885 non
646 846 794 885 differat
825 857 846 883 a
878 843 1143 884 non-correc70
1175 844 1441 883 communiter
1473 844 1667 884 adhibito:
1702 844 1821 883 intel-

530 907 614 959 ligo
647 917 776 947 autem
810 919 878 958 per
912 905 1110 956 cylindrum
1142 918 1294 959 aqueum
1326 906 1522 947 correuum
1552 907 1682 958 illum,
1719 907 1821 946 cuius

531 970 621 1009 bafis
653 970 706 1009 est
737 969 903 1021 aequalis
935 968 1185 1020 amplitudini
1217 980 1338 1008 venae
1377 969 1597 1009 contractae
1637 979 1676 1008 et
1717 969 1822 1009 cuius

531 1031 697 1072 altitudo
718 1031 770 1070 est
789 1031 926 1070 eadem
947 1030 1012 1069 illa
1033 1031 1223 1080 altitudo,
1257 1043 1353 1083 quae
1380 1042 1565 1082 generare
1595 1031 1720 1084 potest
1747 1043 1822 1070 ve-

532 1095 733 1134 locitatem
755 1107 963 1145 aquarum,
998 1093 1117 1144 qualis
1148 1093 1201 1131 est
1232 1093 1269 1131 in
1297 1092 1389 1132 loco
1414 1106 1536 1132 venae
1575 1093 1820 1135 contractae:

531 1156 710 1209 cylindrus
731 1168 824 1195 vero
844 1167 977 1209 aqueus
996 1155 1218 1207 simpliciter
1237 1156 1288 1194 ita
1309 1155 1429 1194 dietus
1449 1166 1513 1195 aut
1541 1168 1606 1195 non
1638 1156 1820 1196 corredi'us

531 1219 632 1259 mihi
652 1231 743 1258 cum
762 1218 847 1257 aliis
866 1218 919 1257 est
940 1218 1032 1267 ille,
1069 1218 1132 1270 qui
1153 1217 1334 1257 foramini
1362 1218 1406 1257 ad
1427 1218 1670 1258 altitudinem
1697 1230 1819 1272 aquae

532 1282 573 1321 in
594 1281 679 1321 vase
717 1289 919 1320 contentae
955 1280 1152 1319 imminet.

652 1346 684 1393 §.
723 1354 762 1391 ς.
802 1343 974 1392 Primus,
1010 1342 1112 1395 quod
1149 1341 1286 1394 sciam,
1318 1344 1384 1396 qui
1422 1356 1606 1397 aquarum
1641 1343 1724 1384 vim
1746 1343 1820 1384 ali-

532 1416 589 1448 ter
622 1419 736 1459 quam
771 1406 1012 1457 experientia
1047 1405 1306 1457 inquisiuerit,
1340 1404 1410 1446 fuit
1442 1409 1661 1448 Newtomts:
1696 1418 1819 1459 neque

531 1478 664 1509 tamen
699 1469 783 1508 vim
816 1479 939 1507 venae
973 1467 1136 1518 fluidae,
1175 1468 1292 1519 qualis
1327 1480 1378 1507 ex
1397 1469 1479 1508 vase
1499 1469 1636 1520 effluit,
1664 1468 1724 1508 sed
1742 1481 1818 1522 po-

527 1533 603 1572 tius
637 1531 882 1571 resistentiam
916 1530 1026 1570 fluidi
1060 1542 1217 1582 corpus,
1271 1532 1330 1569 cui
1371 1532 1526 1582 resistit,
1578 1531 1820 1584 vndiquaque

531 1594 801 1635 circumdantis
835 1593 1044 1645 inquifiuit:
1077 1591 1217 1644 hasque
1255 1593 1364 1633 fluidi
1405 1595 1577 1634 actiones
1617 1607 1638 1634 a
1679 1593 1715 1632 se
1756 1595 1820 1633 in-

530 1658 657 1698 uicem
691 1655 854 1696 diuersas
886 1654 1086 1694 censendas
1120 1653 1194 1693 esse
1233 1656 1532 1707 animaduertit,
1570 1658 1673 1709 quod
1713 1656 1818 1696 idem

531 1721 650 1760 ctiam
689 1718 844 1758 inferius
879 1718 1093 1757 ostendam.
1158 1718 1268 1772 Quae
1305 1717 1422 1758 habet
1457 1721 1658 1760 Neu-tonus
1676 1731 1725 1758 eo
1753 1730 1819 1758 re-

529 1784 672 1830 deunt,
711 1791 751 1821 vt
787 1781 815 1821 fi
853 1779 1060 1833 particulae
1096 1779 1206 1819 fluidi
1244 1792 1381 1821 omnes
1417 1782 1644 1822 immediate
1680 1789 1719 1821 et
1755 1781 1821 1820 di-

528 1845 632 1885 reae
664 1845 703 1882 in
739 1843 895 1895 planum
931 1842 1116 1891 incidant,
1163 1851 1320 1895 totaque
1367 1849 1427 1884 1ua
1460 1845 1671 1885 velocitate
1705 1843 1821 1883 instar

528 1905 846 1959 corpusculorum
887 1905 1057 1958 perfecie
1094 1905 1336 1945 elasticorum
1383 1907 1573 1957 resiliant,
1621 1916 1712 1947 tunc
1757 1906 1820 1945 vis

530 1982 716 2023 aquarum
753 1967 959 2021 quadrupla
996 1968 1040 2008 fit
1076 1968 1257 2020 ponderis
1275 1969 1441 2019 cylindri
1477 1971 1586 2023 aquei
1613 1969 1720 2022 supra
1747 1968 1820 2007 de.-

531 2033 657 2084 finiti‚
692 2040 804 2085 atque
838 2031 864 2072 fi
900 2030 1108 2086 particulae
1145 2031 1300 2085 quidem
1338 2044 1478 2073 omnes
1505 2033 1736 2074 immediate
1754 2031 1819 2070 di—

1636 2094 1820 2148 recteque
