<?xml version="1.0" encoding="UTF-8"?>
<!DOCTYPE html PUBLIC "-//W3C//DTD XHTML 1.0 Transitional//EN"
    "http://www.w3.org/TR/xhtml1/DTD/xhtml1-transitional.dtd">
<html xmlns="http://www.w3.org/1999/xhtml" xml:lang="en" lang="en">
 <head>
  <title>
</title>
<meta http-equiv="Content-Type" content="text/html;charset=utf-8" />
  <meta name='ocr-system' content='tesseract 3.04.00' />
  <meta name='ocr-capabilities' content='ocr_page ocr_carea ocr_par ocr_line ocrx_word'/>
</head>
<body>
  <div class='ocr_page' id='page_1' title='image "./commentariiacade08impe_0389.png"; bbox 0 0 1941 2674; ppageno 0'>
   <div class='ocr_carea' id='block_1_1' title="bbox 178 54 1452 114">
    <p class='ocr_par' dir='ltr' id='par_1_1' title="bbox 178 54 1452 114">
     <span class='ocr_line' id='line_1_1' title="bbox 178 54 1452 114; baseline 0.001 -12"><span class='ocrx_word' id='word_1_1' title='bbox 178 59 258 102; x_wconf 92' lang='lat' dir='ltr'>DE</span> <span class='ocrx_word' id='word_1_2' title='bbox 289 57 370 101; x_wconf 88' lang='lat' dir='ltr'>TH</span> <span class='ocrx_word' id='word_1_3' title='bbox 374 56 502 101; x_wconf 83' lang='lat' dir='ltr'>ERM</span> <span class='ocrx_word' id='word_1_4' title='bbox 504 55 598 101; x_wconf 90' lang='lat' dir='ltr'>OM</span> <span class='ocrx_word' id='word_1_5' title='bbox 600 54 767 100; x_wconf 86' lang='lat' dir='ltr'><em>ETRIS</em></span> <span class='ocrx_word' id='word_1_6' title='bbox 798 55 914 101; x_wconf 89' lang='lat' dir='ltr'>CON</span> <span class='ocrx_word' id='word_1_7' title='bbox 918 55 1155 101; x_wconf 86' lang='lat' dir='ltr'><em>CORDAN</em></span> <span class='ocrx_word' id='word_1_8' title='bbox 1157 57 1219 101; x_wconf 90' lang='lat' dir='ltr'>TI</span> <span class='ocrx_word' id='word_1_9' title='bbox 1220 55 1300 104; x_wconf 91' lang='lat' dir='ltr'>BV</span> <span class='ocrx_word' id='word_1_10' title='bbox 1298 60 1342 103; x_wconf 83' lang='lat' dir='ltr'>S.</span> <span class='ocrx_word' id='word_1_11' title='bbox 1368 76 1390 113; x_wconf 82' lang='lat'><strong>3</strong></span> <span class='ocrx_word' id='word_1_12' title='bbox 1400 76 1423 114; x_wconf 81' lang='lat'><strong>3</strong></span> <span class='ocrx_word' id='word_1_13' title='bbox 1433 75 1452 103; x_wconf 69' lang='grc' dir='ltr'>ι</span> 
     </span>
    </p>
   </div>
   <div class='ocr_carea' id='block_1_2' title="bbox 125 175 1465 1863">
    <p class='ocr_par' dir='ltr' id='par_1_2' title="bbox 125 175 1465 1863">
     <span class='ocr_line' id='line_1_2' title="bbox 142 175 1464 230; baseline 0.002 -14"><span class='ocrx_word' id='word_1_14' title='bbox 142 175 280 216; x_wconf 66' lang='grc' dir='ltr'>εκτιᾶε</span> <span class='ocrx_word' id='word_1_15' title='bbox 327 175 606 230; x_wconf 71' lang='lat' dir='ltr'>respondeant,</span> <span class='ocrx_word' id='word_1_16' title='bbox 654 189 814 229; x_wconf 89' lang='lat' dir='ltr'>quarum</span> <span class='ocrx_word' id='word_1_17' title='bbox 873 176 1061 218; x_wconf 85' lang='lat' dir='ltr'>linearum</span> <span class='ocrx_word' id='word_1_18' title='bbox 1109 179 1326 219; x_wconf 86' lang='lat' dir='ltr'>distantiam</span> <span class='ocrx_word' id='word_1_19' title='bbox 1372 181 1464 220; x_wconf 90' lang='lat' dir='ltr'>dein</span> 
     </span>
     <span class='ocr_line' id='line_1_3' title="bbox 140 240 1461 295; baseline 0.002 -16"><span class='ocrx_word' id='word_1_20' title='bbox 140 251 219 294; x_wconf 88' lang='lat' dir='ltr'>ope</span> <span class='ocrx_word' id='word_1_21' title='bbox 253 240 387 280; x_wconf 82' lang='lat' dir='ltr'>circini</span> <span class='ocrx_word' id='word_1_22' title='bbox 421 241 572 293; x_wconf 87' lang='lat' dir='ltr'>optime</span> <span class='ocrx_word' id='word_1_23' title='bbox 615 240 861 281; x_wconf 67' lang='lat' dir='ltr'>mensurabis.</span> <span class='ocrx_word' id='word_1_24' title='bbox 926 242 1105 281; x_wconf 69' lang='lat' dir='ltr'>Tandem</span> <span class='ocrx_word' id='word_1_25' title='bbox 1151 242 1259 295; x_wconf 83' lang='lat' dir='ltr'>super</span> <span class='ocrx_word' id='word_1_26' title='bbox 1300 243 1461 282; x_wconf 66' lang='lat' dir='ltr'>ass‘ertm</span> 
     </span>
     <span class='ocr_line' id='line_1_4' title="bbox 140 302 1465 357; baseline 0.002 -15"><span class='ocrx_word' id='word_1_27' title='bbox 140 303 319 356; x_wconf 76' lang='lat' dir='ltr'>expande</span> <span class='ocrx_word' id='word_1_28' title='bbox 356 302 531 343; x_wconf 88' lang='lat' dir='ltr'>chartam</span> <span class='ocrx_word' id='word_1_29' title='bbox 563 302 735 355; x_wconf 82' lang='lat' dir='ltr'><strong>glutine,</strong></span> <span class='ocrx_word' id='word_1_30' title='bbox 768 305 839 344; x_wconf 91' lang='lat' dir='ltr'>duc</span> <span class='ocrx_word' id='word_1_31' title='bbox 876 305 914 343; x_wconf 90' lang='lat' dir='ltr'>in</span> <span class='ocrx_word' id='word_1_32' title='bbox 947 318 991 344; x_wconf 86' lang='lat' dir='ltr'>ea</span> <span class='ocrx_word' id='word_1_33' title='bbox 1024 306 1114 344; x_wconf 81' lang='lat' dir='ltr'>duas</span> <span class='ocrx_word' id='word_1_34' title='bbox 1149 306 1269 345; x_wconf 73' lang='lat' dir='ltr'>lineas</span> <span class='ocrx_word' id='word_1_35' title='bbox 1289 306 1465 357; x_wconf 73' lang='lat' dir='ltr'>longitu-</span> 
     </span>
     <span class='ocr_line' id='line_1_5' title="bbox 140 366 1463 420; baseline 0.002 -14"><span class='ocrx_word' id='word_1_36' title='bbox 140 366 286 406; x_wconf 82' lang='lat' dir='ltr'>dinales</span> <span class='ocrx_word' id='word_1_37' title='bbox 318 366 538 419; x_wconf 81' lang='lat' dir='ltr'>parallelas,</span> <span class='ocrx_word' id='word_1_38' title='bbox 577 366 676 406; x_wconf 83' lang='lat' dir='ltr'>intra</span> <span class='ocrx_word' id='word_1_39' title='bbox 711 380 872 419; x_wconf 81' lang='lat' dir='ltr'>quarum</span> <span class='ocrx_word' id='word_1_40' title='bbox 905 368 1103 407; x_wconf 81' lang='lat' dir='ltr'>cancellos</span> <span class='ocrx_word' id='word_1_41' title='bbox 1137 370 1245 408; x_wconf 81' lang='lat' dir='ltr'>tubus</span> <span class='ocrx_word' id='word_1_42' title='bbox 1266 378 1463 420; x_wconf 84' lang='lat' dir='ltr'>excurrat,</span> 
     </span>
     <span class='ocr_line' id='line_1_6' title="bbox 139 429 1462 482; baseline 0.002 -15"><span class='ocrx_word' id='word_1_43' title='bbox 139 439 181 468; x_wconf 91' lang='lat' dir='ltr'>et</span> <span class='ocrx_word' id='word_1_44' title='bbox 221 442 297 482; x_wconf 87' lang='lat' dir='ltr'>ope</span> <span class='ocrx_word' id='word_1_45' title='bbox 341 429 584 469; x_wconf 88' lang='lat' dir='ltr'>lamellarum</span> <span class='ocrx_word' id='word_1_46' title='bbox 632 440 941 470; x_wconf 86' lang='lat' dir='ltr'>memoratarum</span> <span class='ocrx_word' id='word_1_47' title='bbox 985 432 1070 478; x_wconf 81' lang='lat' dir='ltr'>(vel</span> <span class='ocrx_word' id='word_1_48' title='bbox 1113 432 1137 471; x_wconf 83' lang='lat' dir='ltr'>si</span> <span class='ocrx_word' id='word_1_49' title='bbox 1171 432 1388 472; x_wconf 55' lang='lat' dir='ltr'>Mescinium</span> <span class='ocrx_word' id='word_1_50' title='bbox 1422 434 1462 471; x_wconf 90' lang='lat' dir='ltr'>in</span> 
     </span>
     <span class='ocr_line' id='line_1_7' title="bbox 138 493 1460 547; baseline 0.002 -16"><span class='ocrx_word' id='word_1_51' title='bbox 138 504 234 544; x_wconf 86' lang='lat' dir='ltr'>aqua</span> <span class='ocrx_word' id='word_1_52' title='bbox 270 493 454 533; x_wconf 84' lang='lat' dir='ltr'>bulliente</span> <span class='ocrx_word' id='word_1_53' title='bbox 488 493 621 533; x_wconf 88' lang='lat' dir='ltr'>tubum</span> <span class='ocrx_word' id='word_1_54' title='bbox 655 493 792 531; x_wconf 67' lang='lat' dir='ltr'>exac‘te</span> <span class='ocrx_word' id='word_1_55' title='bbox 824 494 1039 546; x_wconf 82' lang='lat' dir='ltr'>adimplet,</span> <span class='ocrx_word' id='word_1_56' title='bbox 1081 494 1157 533; x_wconf 82' lang='lat' dir='ltr'>sola</span> <span class='ocrx_word' id='word_1_57' title='bbox 1201 496 1460 547; x_wconf 81' lang='lat' dir='ltr'>applicatione</span> 
     </span>
     <span class='ocr_line' id='line_1_8' title="bbox 137 554 1462 608; baseline 0.003 -15"><span class='ocrx_word' id='word_1_58' title='bbox 137 554 404 604; x_wconf 83' lang='lat' dir='ltr'>instrumenti)</span> <span class='ocrx_word' id='word_1_59' title='bbox 438 568 573 608; x_wconf 84' lang='lat' dir='ltr'>quaere</span> <span class='ocrx_word' id='word_1_60' title='bbox 609 558 648 595; x_wconf 91' lang='lat' dir='ltr'>in</span> <span class='ocrx_word' id='word_1_61' title='bbox 682 556 797 594; x_wconf 72' lang='lat' dir='ltr'>lineis</span> <span class='ocrx_word' id='word_1_62' title='bbox 828 557 903 596; x_wconf 85' lang='lat' dir='ltr'>duo</span> <span class='ocrx_word' id='word_1_63' title='bbox 937 557 1074 608; x_wconf 74' lang='lat' dir='ltr'>punSta</span> <span class='ocrx_word' id='word_1_64' title='bbox 1117 559 1293 596; x_wconf 80' lang='lat' dir='ltr'>terminis</span> <span class='ocrx_word' id='word_1_65' title='bbox 1326 558 1462 597; x_wconf 78' lang='lat' dir='ltr'>altitu‹</span> 
     </span>
     <span class='ocr_line' id='line_1_9' title="bbox 135 617 1459 670; baseline 0.003 -14"><span class='ocrx_word' id='word_1_66' title='bbox 135 617 272 657; x_wconf 87' lang='lat' dir='ltr'>diuum</span> <span class='ocrx_word' id='word_1_67' title='bbox 306 617 597 670; x_wconf 65' lang='lat' dir='ltr'>respondentia,</span> <span class='ocrx_word' id='word_1_68' title='bbox 643 619 786 658; x_wconf 86' lang='lat' dir='ltr'>horum</span> <span class='ocrx_word' id='word_1_69' title='bbox 828 620 1073 659; x_wconf 89' lang='lat' dir='ltr'>interuallum</span> <span class='ocrx_word' id='word_1_70' title='bbox 1118 621 1247 659; x_wconf 84' lang='lat' dir='ltr'>diuidc</span> <span class='ocrx_word' id='word_1_71' title='bbox 1289 621 1328 658; x_wconf 94' lang='lat' dir='ltr'>in</span> <span class='ocrx_word' id='word_1_72' title='bbox 1367 622 1459 660; x_wconf 87' lang='lat' dir='ltr'>duas</span> 
     </span>
     <span class='ocr_line' id='line_1_10' title="bbox 135 680 1460 734; baseline 0.002 -14"><span class='ocrx_word' id='word_1_73' title='bbox 135 692 262 734; x_wconf 82' lang='lat' dir='ltr'>partes</span> <span class='ocrx_word' id='word_1_74' title='bbox 294 680 488 733; x_wconf 85' lang='lat' dir='ltr'>aequales,</span> <span class='ocrx_word' id='word_1_75' title='bbox 526 693 650 733; x_wconf 77' lang='lat' dir='ltr'>partes</span> <span class='ocrx_word' id='word_1_76' title='bbox 682 682 862 720; x_wconf 85' lang='lat' dir='ltr'>dimidias</span> <span class='ocrx_word' id='word_1_77' title='bbox 895 683 1021 722; x_wconf 88' lang='lat' dir='ltr'>diuide</span> <span class='ocrx_word' id='word_1_78' title='bbox 1056 683 1095 720; x_wconf 91' lang='lat' dir='ltr'>in</span> <span class='ocrx_word' id='word_1_79' title='bbox 1124 695 1198 721; x_wconf 74' lang='lat' dir='ltr'>tres</span> <span class='ocrx_word' id='word_1_80' title='bbox 1218 684 1332 734; x_wconf 69' lang='lat' dir='ltr'>alias,</span> <span class='ocrx_word' id='word_1_81' title='bbox 1369 696 1460 734; x_wconf 85' lang='lat' dir='ltr'>par-</span> 
     </span>
     <span class='ocr_line' id='line_1_11' title="bbox 136 742 1459 796; baseline 0.002 -14"><span class='ocrx_word' id='word_1_82' title='bbox 136 752 194 783; x_wconf 86' lang='lat' dir='ltr'>tes</span> <span class='ocrx_word' id='word_1_83' title='bbox 231 746 297 783; x_wconf 82' lang='lat' dir='ltr'>lias</span> <span class='ocrx_word' id='word_1_84' title='bbox 329 742 450 782; x_wconf 82' lang='lat' dir='ltr'>sextas</span> <span class='ocrx_word' id='word_1_85' title='bbox 483 742 680 783; x_wconf 88' lang='lat' dir='ltr'>subdiuide</span> <span class='ocrx_word' id='word_1_86' title='bbox 715 745 858 782; x_wconf 85' lang='lat' dir='ltr'>iterum</span> <span class='ocrx_word' id='word_1_87' title='bbox 894 746 932 783; x_wconf 88' lang='lat' dir='ltr'>in</span> <span class='ocrx_word' id='word_1_88' title='bbox 965 745 1122 796; x_wconf 61' lang='lat' dir='ltr'>quinas,</span> <span class='ocrx_word' id='word_1_89' title='bbox 1154 755 1192 783; x_wconf 83' lang='lat' dir='ltr'>et</span> <span class='ocrx_word' id='word_1_90' title='bbox 1214 745 1374 796; x_wconf 70' lang='lat' dir='ltr'>singulas</span> <span class='ocrx_word' id='word_1_91' title='bbox 1393 745 1459 784; x_wconf 86' lang='lat' dir='ltr'>di-</span> 
     </span>
     <span class='ocr_line' id='line_1_12' title="bbox 134 805 1460 858; baseline 0 -12"><span class='ocrx_word' id='word_1_92' title='bbox 134 807 300 846; x_wconf 74' lang='lat' dir='ltr'>uisiones</span> <span class='ocrx_word' id='word_1_93' title='bbox 330 815 491 858; x_wconf 86' lang='lat' dir='ltr'>quatuor</span> <span class='ocrx_word' id='word_1_94' title='bbox 524 807 671 858; x_wconf 60' lang='lat' dir='ltr'>punitis</span> <span class='ocrx_word' id='word_1_95' title='bbox 711 805 920 858; x_wconf 84' lang='lat' dir='ltr'>aequaliter</span> <span class='ocrx_word' id='word_1_96' title='bbox 952 819 972 845; x_wconf 83' lang='lat' dir='ltr'>a</span> <span class='ocrx_word' id='word_1_97' title='bbox 1006 806 1041 844; x_wconf 75' lang='lat' dir='ltr'>fi:</span> <span class='ocrx_word' id='word_1_98' title='bbox 1074 807 1243 845; x_wconf 66' lang='lat' dir='ltr'>inuitem</span> <span class='ocrx_word' id='word_1_99' title='bbox 1278 808 1460 846; x_wconf 81' lang='lat' dir='ltr'>distanti-</span> 
     </span>
     <span class='ocr_line' id='line_1_13' title="bbox 134 867 1459 921; baseline 0 -12"><span class='ocrx_word' id='word_1_100' title='bbox 134 868 204 909; x_wconf 85' lang='lat' dir='ltr'>bus</span> <span class='ocrx_word' id='word_1_101' title='bbox 238 869 496 920; x_wconf 83' lang='lat' dir='ltr'>interstingue.</span> <span class='ocrx_word' id='word_1_102' title='bbox 564 868 621 909; x_wconf 84' lang='lat' dir='ltr'>lta</span> <span class='ocrx_word' id='word_1_103' title='bbox 653 867 776 908; x_wconf 64' lang='lat' dir='ltr'>ductis</span> <span class='ocrx_word' id='word_1_104' title='bbox 807 869 854 908; x_wconf 87' lang='lat' dir='ltr'>ad</span> <span class='ocrx_word' id='word_1_105' title='bbox 898 868 1077 920; x_wconf 76' lang='lat' dir='ltr'>assignata</span> <span class='ocrx_word' id='word_1_106' title='bbox 1120 869 1261 921; x_wconf 72' lang='lat' dir='ltr'>pune‘ta</span> <span class='ocrx_word' id='word_1_107' title='bbox 1300 870 1459 910; x_wconf 85' lang='lat' dir='ltr'>lineolis</span> 
     </span>
     <span class='ocr_line' id='line_1_14' title="bbox 130 930 1452 984; baseline 0.001 -13"><span class='ocrx_word' id='word_1_108' title='bbox 130 930 328 972; x_wconf 84' lang='lat' dir='ltr'>subtilibus</span> <span class='ocrx_word' id='word_1_109' title='bbox 363 931 575 983; x_wconf 72' lang='lat' dir='ltr'>paralleIES,</span> <span class='ocrx_word' id='word_1_110' title='bbox 623 931 757 984; x_wconf 85' lang='lat' dir='ltr'>parasti</span> <span class='ocrx_word' id='word_1_111' title='bbox 802 930 966 982; x_wconf 86' lang='lat' dir='ltr'>scalam,</span> <span class='ocrx_word' id='word_1_112' title='bbox 1006 943 1045 970; x_wconf 87' lang='lat' dir='ltr'>et</span> <span class='ocrx_word' id='word_1_113' title='bbox 1086 934 1275 984; x_wconf 83' lang='lat' dir='ltr'>applicito</span> <span class='ocrx_word' id='word_1_114' title='bbox 1318 934 1452 984; x_wconf 83' lang='lat' dir='ltr'>vitro,</span> 
     </span>
     <span class='ocr_line' id='line_1_15' title="bbox 130 991 1455 1047; baseline 0.001 -13"><span class='ocrx_word' id='word_1_115' title='bbox 130 1000 260 1034; x_wconf 80' lang='lat' dir='ltr'>totum</span> <span class='ocrx_word' id='word_1_116' title='bbox 294 994 605 1034; x_wconf 83' lang='lat' dir='ltr'>instrumentum.</span> <span class='ocrx_word' id='word_1_117' title='bbox 674 993 818 1033; x_wconf 87' lang='lat' dir='ltr'>Lineae</span> <span class='ocrx_word' id='word_1_118' title='bbox 860 1007 938 1033; x_wconf 89' lang='lat' dir='ltr'>non</span> <span class='ocrx_word' id='word_1_119' title='bbox 982 991 1135 1046; x_wconf 72' lang='lat' dir='ltr'>possunt</span> <span class='ocrx_word' id='word_1_120' title='bbox 1176 993 1377 1047; x_wconf 80' lang='lat' dir='ltr'>separatim</span> <span class='ocrx_word' id='word_1_121' title='bbox 1415 996 1455 1036; x_wconf 90' lang='lat' dir='ltr'>in</span> 
     </span>
     <span class='ocr_line' id='line_1_16' title="bbox 130 1056 1456 1109; baseline 0.001 -13"><span class='ocrx_word' id='word_1_122' title='bbox 130 1057 262 1097; x_wconf 84' lang='lat' dir='ltr'>charta</span> <span class='ocrx_word' id='word_1_123' title='bbox 296 1058 408 1106; x_wconf 88' lang='lat' dir='ltr'>duci,</span> <span class='ocrx_word' id='word_1_124' title='bbox 442 1057 554 1109; x_wconf 88' lang='lat' dir='ltr'>quia,</span> <span class='ocrx_word' id='word_1_125' title='bbox 585 1057 739 1108; x_wconf 86' lang='lat' dir='ltr'>quando</span> <span class='ocrx_word' id='word_1_126' title='bbox 775 1056 911 1095; x_wconf 90' lang='lat' dir='ltr'>deinde</span> <span class='ocrx_word' id='word_1_127' title='bbox 947 1058 1232 1109; x_wconf 69' lang='lat' dir='ltr'>agglutinatur,</span> <span class='ocrx_word' id='word_1_128' title='bbox 1265 1070 1332 1109; x_wconf 87' lang='lat' dir='ltr'>per</span> <span class='ocrx_word' id='word_1_129' title='bbox 1367 1070 1456 1097; x_wconf 79' lang='lat' dir='ltr'>ma-</span> 
     </span>
     <span class='ocr_line' id='line_1_17' title="bbox 130 1118 1450 1172; baseline 0.002 -14"><span class='ocrx_word' id='word_1_130' title='bbox 130 1120 268 1160; x_wconf 61' lang='lat' dir='ltr'>dorem</span> <span class='ocrx_word' id='word_1_131' title='bbox 303 1120 458 1171; x_wconf 83' lang='lat' dir='ltr'>glutinis</span> <span class='ocrx_word' id='word_1_132' title='bbox 490 1120 742 1172; x_wconf 72' lang='lat' dir='ltr'>expanditur,</span> <span class='ocrx_word' id='word_1_133' title='bbox 781 1129 819 1158; x_wconf 91' lang='lat' dir='ltr'>et</span> <span class='ocrx_word' id='word_1_134' title='bbox 856 1118 946 1158; x_wconf 89' lang='lat' dir='ltr'>hinc</span> <span class='ocrx_word' id='word_1_135' title='bbox 983 1132 1072 1158; x_wconf 85' lang='lat' dir='ltr'>vera</span> <span class='ocrx_word' id='word_1_136' title='bbox 1105 1121 1244 1159; x_wconf 71' lang='lat' dir='ltr'>diuisit)</span> <span class='ocrx_word' id='word_1_137' title='bbox 1264 1129 1450 1160; x_wconf 89' lang='lat' dir='ltr'>mutatur.</span> 
     </span>
     <span class='ocr_line' id='line_1_18' title="bbox 130 1180 1453 1235; baseline 0.001 -14"><span class='ocrx_word' id='word_1_138' title='bbox 130 1180 204 1222; x_wconf 91' lang='lat' dir='ltr'>Cui</span> <span class='ocrx_word' id='word_1_139' title='bbox 240 1195 333 1221; x_wconf 78' lang='lat' dir='ltr'>vero</span> <span class='ocrx_word' id='word_1_140' title='bbox 367 1182 549 1235; x_wconf 76' lang='lat' dir='ltr'>placuerit</span> <span class='ocrx_word' id='word_1_141' title='bbox 569 1181 705 1221; x_wconf 84' lang='lat' dir='ltr'>scalam</span> <span class='ocrx_word' id='word_1_142' title='bbox 726 1182 805 1220; x_wconf 89' lang='lat' dir='ltr'>aeri</span> <span class='ocrx_word' id='word_1_143' title='bbox 834 1182 1000 1221; x_wconf 84' lang='lat' dir='ltr'>incidere</span> <span class='ocrx_word' id='word_1_144' title='bbox 1018 1212 1029 1232; x_wconf 90' lang='lat'>,</span> <span class='ocrx_word' id='word_1_145' title='bbox 1060 1187 1180 1235; x_wconf 78' lang='lat' dir='ltr'>captis</span> <span class='ocrx_word' id='word_1_146' title='bbox 1198 1184 1381 1222; x_wconf 88' lang='lat' dir='ltr'>terminis</span> <span class='ocrx_word' id='word_1_147' title='bbox 1410 1184 1453 1223; x_wconf 86' lang='lat' dir='ltr'>in</span> 
     </span>
     <span class='ocr_line' id='line_1_19' title="bbox 131 1243 1455 1298; baseline 0.001 -13"><span class='ocrx_word' id='word_1_148' title='bbox 131 1245 299 1298; x_wconf 82' lang='lat' dir='ltr'>separata</span> <span class='ocrx_word' id='word_1_149' title='bbox 321 1245 464 1284; x_wconf 87' lang='lat' dir='ltr'>lamina</span> <span class='ocrx_word' id='word_1_150' title='bbox 494 1245 529 1283; x_wconf 91' lang='lat' dir='ltr'>id</span> <span class='ocrx_word' id='word_1_151' title='bbox 552 1257 760 1297; x_wconf 76' lang='lat' dir='ltr'>peragere,</span> <span class='ocrx_word' id='word_1_152' title='bbox 792 1254 830 1283; x_wconf 89' lang='lat' dir='ltr'>et</span> <span class='ocrx_word' id='word_1_153' title='bbox 850 1243 956 1284; x_wconf 65' lang='lat' dir='ltr'>saetis</span> <span class='ocrx_word' id='word_1_154' title='bbox 973 1244 1219 1284; x_wconf 82' lang='lat' dir='ltr'>diuifionibus</span> <span class='ocrx_word' id='word_1_155' title='bbox 1236 1245 1343 1285; x_wconf 88' lang='lat' dir='ltr'>illam</span> <span class='ocrx_word' id='word_1_156' title='bbox 1364 1245 1455 1286; x_wconf 84' lang='lat' dir='ltr'>affi-</span> 
     </span>
     <span class='ocr_line' id='line_1_20' title="bbox 132 1306 1453 1361; baseline 0.001 -14"><span class='ocrx_word' id='word_1_157' title='bbox 132 1320 223 1361; x_wconf 87' lang='lat' dir='ltr'>gere</span> <span class='ocrx_word' id='word_1_158' title='bbox 259 1310 417 1360; x_wconf 76' lang='lat' dir='ltr'>poterit.</span> <span class='ocrx_word' id='word_1_159' title='bbox 456 1306 664 1347; x_wconf 85' lang='lat' dir='ltr'>Orificium</span> <span class='ocrx_word' id='word_1_160' title='bbox 699 1308 778 1346; x_wconf 90' lang='lat' dir='ltr'>tubi</span> <span class='ocrx_word' id='word_1_161' title='bbox 811 1307 973 1359; x_wconf 86' lang='lat' dir='ltr'>globulo</span> <span class='ocrx_word' id='word_1_162' title='bbox 992 1320 1151 1347; x_wconf 90' lang='lat' dir='ltr'>ceraceo</span> <span class='ocrx_word' id='word_1_163' title='bbox 1171 1307 1376 1359; x_wconf 80' lang='lat' dir='ltr'>clauditur,</span> <span class='ocrx_word' id='word_1_164' title='bbox 1404 1321 1453 1348; x_wconf 85' lang='lat' dir='ltr'>ne</span> 
     </span>
     <span class='ocr_line' id='line_1_21' title="bbox 129 1369 1447 1424; baseline 0.001 -14"><span class='ocrx_word' id='word_1_165' title='bbox 129 1385 155 1424; x_wconf 90' lang='lat' dir='ltr'>p</span> <span class='ocrx_word' id='word_1_166' title='bbox 170 1371 414 1410; x_wconf 57' lang='lat' dir='ltr'>ilii&gt;‘i·iilentae</span> <span class='ocrx_word' id='word_1_167' title='bbox 435 1370 560 1409; x_wconf 84' lang='lat' dir='ltr'>sordes</span> <span class='ocrx_word' id='word_1_168' title='bbox 587 1371 787 1410; x_wconf 72' lang='lat' dir='ltr'>illabantur</span> <span class='ocrx_word' id='word_1_169' title='bbox 806 1380 845 1408; x_wconf 93' lang='lat' dir='ltr'>et</span> <span class='ocrx_word' id='word_1_170' title='bbox 873 1371 919 1410; x_wconf 89' lang='lat' dir='ltr'>ad</span> <span class='ocrx_word' id='word_1_171' title='bbox 939 1369 1242 1410; x_wconf 79' lang='lat' dir='ltr'>conserti-andum</span> <span class='ocrx_word' id='word_1_172' title='bbox 1263 1383 1447 1411; x_wconf 86' lang='lat' dir='ltr'>vacuum.</span> 
     </span>
     <span class='ocr_line' id='line_1_22' title="bbox 130 1432 1451 1487; baseline 0.001 -13"><span class='ocrx_word' id='word_1_173' title='bbox 130 1432 257 1474; x_wconf 53' lang='lat' dir='ltr'>Pam-t</span> <span class='ocrx_word' id='word_1_174' title='bbox 284 1435 440 1486; x_wconf 81' lang='lat' dir='ltr'>quidem</span> <span class='ocrx_word' id='word_1_175' title='bbox 470 1435 695 1472; x_wconf 69' lang='lat' dir='ltr'>extremitas</span> <span class='ocrx_word' id='word_1_176' title='bbox 724 1433 831 1482; x_wconf 88' lang='lat' dir='ltr'>tubi,</span> <span class='ocrx_word' id='word_1_177' title='bbox 866 1434 905 1472; x_wconf 92' lang='lat' dir='ltr'>in</span> <span class='ocrx_word' id='word_1_178' title='bbox 938 1446 1016 1484; x_wconf 85' lang='lat' dir='ltr'>quo</span> <span class='ocrx_word' id='word_1_179' title='bbox 1046 1433 1262 1472; x_wconf 82' lang='lat' dir='ltr'>Mercurius</span> <span class='ocrx_word' id='word_1_180' title='bbox 1287 1434 1328 1473; x_wconf 86' lang='lat' dir='ltr'>in</span> <span class='ocrx_word' id='word_1_181' title='bbox 1353 1446 1451 1487; x_wconf 82' lang='lat' dir='ltr'>aqua.</span> 
     </span>
     <span class='ocr_line' id='line_1_23' title="bbox 131 1495 1449 1550; baseline 0 -14"><span class='ocrx_word' id='word_1_182' title='bbox 131 1497 315 1536; x_wconf 84' lang='lat' dir='ltr'>bulliente</span> <span class='ocrx_word' id='word_1_183' title='bbox 335 1509 412 1536; x_wconf 87' lang='lat' dir='ltr'>nou</span> <span class='ocrx_word' id='word_1_184' title='bbox 433 1496 626 1535; x_wconf 83' lang='lat' dir='ltr'>summum</span> <span class='ocrx_word' id='word_1_185' title='bbox 650 1495 831 1545; x_wconf 85' lang='lat' dir='ltr'>ascendit,</span> <span class='ocrx_word' id='word_1_186' title='bbox 845 1497 881 1534; x_wconf 86' lang='lat' dir='ltr'>in</span> <span class='ocrx_word' id='word_1_187' title='bbox 901 1496 1077 1535; x_wconf 90' lang='lat' dir='ltr'>tubulum</span> <span class='ocrx_word' id='word_1_188' title='bbox 1098 1495 1323 1548; x_wconf 86' lang='lat' dir='ltr'>capillarem</span> <span class='ocrx_word' id='word_1_189' title='bbox 1343 1497 1449 1550; x_wconf 88' lang='lat' dir='ltr'>duci,</span> 
     </span>
     <span class='ocr_line' id='line_1_24' title="bbox 129 1558 1451 1612; baseline 0 -13"><span class='ocrx_word' id='word_1_190' title='bbox 129 1570 169 1599; x_wconf 88' lang='lat' dir='ltr'>et</span> <span class='ocrx_word' id='word_1_191' title='bbox 181 1559 368 1600; x_wconf 66' lang='lat' dir='ltr'>net-curio</span> <span class='ocrx_word' id='word_1_192' title='bbox 381 1573 447 1612; x_wconf 79' lang='lat' dir='ltr'>per</span> <span class='ocrx_word' id='word_1_193' title='bbox 466 1559 638 1598; x_wconf 81' lang='lat' dir='ltr'>calorem</span> <span class='ocrx_word' id='word_1_194' title='bbox 659 1559 836 1607; x_wconf 72' lang='lat' dir='ltr'>dilatato,</span> <span class='ocrx_word' id='word_1_195' title='bbox 857 1571 1018 1611; x_wconf 82' lang='lat' dir='ltr'>aereque</span> <span class='ocrx_word' id='word_1_196' title='bbox 1040 1559 1214 1611; x_wconf 78' lang='lat' dir='ltr'>expulso,</span> <span class='ocrx_word' id='word_1_197' title='bbox 1235 1558 1451 1599; x_wconf 89' lang='lat' dir='ltr'>hermetice</span> 
     </span>
     <span class='ocr_line' id='line_1_25' title="bbox 128 1620 1448 1676; baseline 0 -14"><span class='ocrx_word' id='word_1_198' title='bbox 128 1622 302 1674; x_wconf 72' lang='lat' dir='ltr'>sigillari:</span> <span class='ocrx_word' id='word_1_199' title='bbox 339 1621 400 1662; x_wconf 83' lang='lat' dir='ltr'>sed</span> <span class='ocrx_word' id='word_1_200' title='bbox 422 1623 524 1662; x_wconf 82' lang='lat' dir='ltr'>alind</span> <span class='ocrx_word' id='word_1_201' title='bbox 547 1623 848 1661; x_wconf 80' lang='lat' dir='ltr'>incommodum</span> <span class='ocrx_word' id='word_1_202' title='bbox 869 1622 956 1661; x_wconf 90' lang='lat' dir='ltr'>inde</span> <span class='ocrx_word' id='word_1_203' title='bbox 985 1620 1318 1676; x_wconf 81' lang='lat' dir='ltr'>nascitur.Qiodfi</span> <span class='ocrx_word' id='word_1_204' title='bbox 1339 1623 1448 1662; x_wconf 89' lang='lat' dir='ltr'>enim</span> 
     </span>
     <span class='ocr_line' id='line_1_26' title="bbox 128 1683 1448 1738; baseline 0 -13"><span class='ocrx_word' id='word_1_205' title='bbox 128 1686 170 1725; x_wconf 86' lang='lat' dir='ltr'>in</span> <span class='ocrx_word' id='word_1_206' title='bbox 208 1686 499 1737; x_wconf 85' lang='lat' dir='ltr'>transportando</span> <span class='ocrx_word' id='word_1_207' title='bbox 535 1685 845 1724; x_wconf 80' lang='lat' dir='ltr'>Thermometro</span> <span class='ocrx_word' id='word_1_208' title='bbox 879 1684 1093 1724; x_wconf 83' lang='lat' dir='ltr'>Mercurius</span> <span class='ocrx_word' id='word_1_209' title='bbox 1112 1683 1358 1724; x_wconf 85' lang='lat' dir='ltr'>succuffiones</span> <span class='ocrx_word' id='word_1_210' title='bbox 1378 1698 1448 1738; x_wconf 90' lang='lat' dir='ltr'>pa-</span> 
     </span>
     <span class='ocr_line' id='line_1_27' title="bbox 129 1745 1448 1800; baseline 0 -12"><span class='ocrx_word' id='word_1_211' title='bbox 129 1749 247 1797; x_wconf 91' lang='lat' dir='ltr'>titur,</span> <span class='ocrx_word' id='word_1_212' title='bbox 285 1748 348 1788; x_wconf 91' lang='lat' dir='ltr'>ille</span> <span class='ocrx_word' id='word_1_213' title='bbox 382 1749 421 1787; x_wconf 93' lang='lat' dir='ltr'>in</span> <span class='ocrx_word' id='word_1_214' title='bbox 449 1748 630 1800; x_wconf 82' lang='lat' dir='ltr'>globulos</span> <span class='ocrx_word' id='word_1_215' title='bbox 658 1748 793 1786; x_wconf 86' lang='lat' dir='ltr'>dirimi</span> <span class='ocrx_word' id='word_1_216' title='bbox 821 1745 914 1786; x_wconf 88' lang='lat' dir='ltr'>solet</span> <span class='ocrx_word' id='word_1_217' title='bbox 946 1748 1044 1786; x_wconf 89' lang='lat' dir='ltr'>intra</span> <span class='ocrx_word' id='word_1_218' title='bbox 1083 1748 1216 1787; x_wconf 93' lang='lat' dir='ltr'>tubum</span> <span class='ocrx_word' id='word_1_219' title='bbox 1236 1778 1248 1797; x_wconf 92' lang='lat'>,</span> <span class='ocrx_word' id='word_1_220' title='bbox 1280 1760 1448 1800; x_wconf 89' lang='lat' dir='ltr'>quorum</span> 
     </span>
     <span class='ocr_line' id='line_1_28' title="bbox 125 1808 1356 1863; baseline -0.002 -10"><span class='ocrx_word' id='word_1_221' title='bbox 125 1812 425 1854; x_wconf 83' lang='lat' dir='ltr'>rcuniendorum</span> <span class='ocrx_word' id='word_1_222' title='bbox 458 1808 577 1850; x_wconf 72' lang='lat' dir='ltr'>caussa</span> <span class='ocrx_word' id='word_1_223' title='bbox 611 1809 806 1850; x_wconf 86' lang='lat' dir='ltr'>orificium</span> <span class='ocrx_word' id='word_1_224' title='bbox 838 1810 980 1849; x_wconf 89' lang='lat' dir='ltr'>iterum</span> <span class='ocrx_word' id='word_1_225' title='bbox 1013 1810 1154 1863; x_wconf 81' lang='lat' dir='ltr'>aperiri</span> <span class='ocrx_word' id='word_1_226' title='bbox 1188 1810 1356 1850; x_wconf 81' lang='lat' dir='ltr'>deberet.</span> 
     </span>
    </p>
   </div>
   <div class='ocr_carea' id='block_1_3' title="bbox 126 1877 1450 2129">
    <p class='ocr_par' dir='ltr' id='par_1_3' title="bbox 126 1877 1450 2064">
     <span class='ocr_line' id='line_1_29' title="bbox 247 1877 1450 1934; baseline 0.002 -14"><span class='ocrx_word' id='word_1_227' title='bbox 247 1877 268 1925; x_wconf 69' lang='grc' dir='ltr'><strong><em>ξ</em></strong></span> <span class='ocrx_word' id='word_1_228' title='bbox 324 1887 392 1922; x_wconf 71' lang='grc'>13.</span> <span class='ocrx_word' id='word_1_229' title='bbox 428 1881 523 1923; x_wconf 82' lang='lat' dir='ltr'>Non</span> <span class='ocrx_word' id='word_1_230' title='bbox 556 1894 653 1934; x_wconf 86' lang='lat' dir='ltr'>opus</span> <span class='ocrx_word' id='word_1_231' title='bbox 684 1883 762 1920; x_wconf 80' lang='lat' dir='ltr'>effe</span> <span class='ocrx_word' id='word_1_232' title='bbox 794 1880 892 1920; x_wconf 87' lang='lat' dir='ltr'>mihi</span> <span class='ocrx_word' id='word_1_233' title='bbox 928 1880 1105 1931; x_wconf 86' lang='lat' dir='ltr'>videtur,</span> <span class='ocrx_word' id='word_1_234' title='bbox 1147 1881 1282 1921; x_wconf 88' lang='lat' dir='ltr'>multis</span> <span class='ocrx_word' id='word_1_235' title='bbox 1322 1882 1450 1923; x_wconf 83' lang='lat' dir='ltr'>verbis</span> 
     </span>
     <span class='ocr_line' id='line_1_30' title="bbox 128 1943 1447 2000; baseline 0 -14"><span class='ocrx_word' id='word_1_236' title='bbox 128 1947 350 2000; x_wconf 85' lang='lat' dir='ltr'>praedicare</span> <span class='ocrx_word' id='word_1_237' title='bbox 385 1946 571 1997; x_wconf 73' lang='lat' dir='ltr'>insignem</span> <span class='ocrx_word' id='word_1_238' title='bbox 608 1943 833 1984; x_wconf 66' lang='lat' dir='ltr'>facilitatem</span> <span class='ocrx_word' id='word_1_239' title='bbox 868 1943 978 1983; x_wconf 86' lang='lat' dir='ltr'>huius</span> <span class='ocrx_word' id='word_1_240' title='bbox 999 1944 1205 1994; x_wconf 85' lang='lat' dir='ltr'>methodi,</span> <span class='ocrx_word' id='word_1_241' title='bbox 1240 1957 1336 1996; x_wconf 83' lang='lat' dir='ltr'>quae</span> <span class='ocrx_word' id='word_1_242' title='bbox 1357 1946 1447 1986; x_wconf 85' lang='lat' dir='ltr'>alias</span> 
     </span>
     <span class='ocr_line' id='line_1_31' title="bbox 126 2005 1446 2064; baseline -0.002 -13"><span class='ocrx_word' id='word_1_243' title='bbox 126 2008 404 2064; x_wconf 76' lang='lat' dir='ltr'>operofiffimas</span> <span class='ocrx_word' id='word_1_244' title='bbox 434 2008 554 2062; x_wconf 74' lang='lat' dir='ltr'>longe</span> <span class='ocrx_word' id='word_1_245' title='bbox 584 2008 796 2054; x_wconf 83' lang='lat' dir='ltr'>antecedit,</span> <span class='ocrx_word' id='word_1_246' title='bbox 835 2007 929 2047; x_wconf 90' lang='lat' dir='ltr'>dum</span> <span class='ocrx_word' id='word_1_247' title='bbox 961 2005 1168 2049; x_wconf 88' lang='lat' dir='ltr'>secundum</span> <span class='ocrx_word' id='word_1_248' title='bbox 1199 2007 1311 2048; x_wconf 80' lang='lat' dir='ltr'>illam</span> <span class='ocrx_word' id='word_1_249' title='bbox 1345 2008 1446 2050; x_wconf 81' lang='lat' dir='ltr'>intra</span> 
     </span>
    </p>

    <p class='ocr_par' dir='ltr' id='par_1_4' title="bbox 718 2070 1446 2129">
     <span class='ocr_line' id='line_1_32' title="bbox 718 2070 1446 2129; baseline 0.003 -18"><span class='ocrx_word' id='word_1_250' title='bbox 718 2070 794 2129; x_wconf 72' lang='lat' dir='ltr'>Tt</span> <span class='ocrx_word' id='word_1_251' title='bbox 830 2081 854 2109; x_wconf 85' lang='lat'><em>2</em></span> <span class='ocrx_word' id='word_1_252' title='bbox 1347 2083 1446 2127; x_wconf 83' lang='lat' dir='ltr'>pau·-</span> 
     </span>
    </p>
   </div>
  </div>
 </body>
</html>
