1941 2674
156 140 238 184 DE
268 139 350 183 ΤΗ
354 138 480 183 ERM
482 137 575 182 OM
578 133 750 182 ETRIS
781 134 1259 192 CONCORDANTIBI
1269 136 1322 181 25.
1350 151 1372 189 3
1386 150 1402 177 x
1414 148 1434 188 5·

122 256 325 308 haereret,
368 267 407 298 et
448 257 528 311 pari
565 257 687 297 modo
730 257 769 296 in
816 256 964 309 pondus
1016 256 1201 297 Mercurii
1251 256 1441 309 inquisiui.

123 321 221 376 Quo
252 320 356 360 ίῖιᾶο
392 320 741 360 Thermometrum
775 319 918 359 immisi
951 321 989 359 in
1020 332 1158 371 aquam
1197 319 1442 370 bullientem,

123 393 170 423 vt
202 385 388 423 terminus
421 382 454 422 Β
489 381 770 433 innotesceret,
804 382 850 422 ad
884 394 1000 434 quem
1035 382 1246 422 Mercurius
1267 382 1305 421 in
1334 381 1445 420 liuius

124 458 245 497 aquae
265 446 394 485 calore
412 445 648 484 ascenderet.
712 444 1017 497 Longitudiucm
1040 446 1150 493 viae,
1186 456 1301 495 quam
1332 444 1445 484 Mer-

125 509 250 548 curius
285 521 302 547 a
338 508 464 547 calore
497 520 616 560 aquae
648 507 840 547 bullientis
859 508 905 546 acl
923 508 1094 546 calorem
1114 505 1336 558 gelasccntis
1363 504 1445 546 AB

125 572 336 622 percurrit,
372 568 610 621 mensuram,
658 578 699 608 et
729 569 899 623 reposito
940 572 1080 609 iterum
1114 569 1368 608 instrumento
1402 568 1444 608 in

124 645 263 685 aquam
297 631 577 683 gelal'centem,
610 642 739 671 totum
775 632 937 684 spatium
970 632 1064 672 istud
1098 631 1297 672 Mercurio
1333 630 1446 670 addi-

127 704 170 734 to
204 694 375 747 repleui,
415 704 454 732 et
494 694 606 733 huius
646 694 811 746 denique
853 695 1052 745 augmenti
1101 694 1254 747 pondus
1294 692 1441 731 inueni.

127 757 241 796 Alter
261 757 399 796 modus
435 755 519 794 talis
549 754 633 795 fuit.
697 754 823 795 Sumli
855 755 1206 795 Thermometrurn
1229 753 1352 794 fimile
1372 766 1447 793 va-

127 830 267 872 cuum,
333 818 570 870 ponderaui,
602 826 642 856 et
681 817 722 856 in
764 829 859 869 aqua
891 817 1104 868 gelascente
1144 817 1192 856 ad
1234 816 1450 869 plenitudi-

125 892 219 920 nem
259 880 340 919 tubi
383 892 500 932 vsque
551 879 752 919 Mercurio
803 878 963 932 repleui.
1066 878 1233 920 Inuento
1275 879 1449 931 pondere

125 943 315 984 Mercurii
367 943 542 982 transtuli
590 941 886 981 instrumentum
931 943 971 982 in
1012 955 1150 994 aquam
1193 941 1448 992 bullientem,

128 1015 169 1045 et
201 1003 355 1058 expulsa
388 1017 456 1057 per
495 1004 605 1045 huius
644 1004 817 1043 calorem
860 1006 971 1044 omni
1025 1004 1209 1056 superflua
1261 1004 1449 1056 portione

125 1068 293 1122 quaesiui
326 1068 476 1120 pondus
506 1067 694 1107 Mercurii
729 1066 926 1117 restantis,
972 1076 1012 1105 et
1044 1068 1254 1107 terminum
1287 1065 1451 1118 denique

127 1131 177 1170 ad
209 1143 326 1183 quem
359 1130 424 1169 ille
467 1129 506 1168 in
539 1142 633 1181 aqua
668 1127 878 1180 gelascente
911 1128 1180 1179 descenderet,
1231 1128 1453 1168 obstruam„

127 1192 197 1234 Ex
229 1192 289 1233 his
320 1193 417 1232 datis
448 1192 608 1231 calculus
639 1191 864 1243 emergebat
894 1204 967 1245 pro
997 1191 1298 1232 determinandis
1317 1191 1451 1230 diuer-

128 1256 178 1297 fis
210 1255 472 1295 voluminibus
504 1255 693 1295 Mercurii
726 1254 920 1306 restantis,
954 1264 994 1293 et
1020 1255 1245 1308 applicanda
1265 1253 1361 1293 scala
1387 1253 1450 1294 di-

127 1317 337 1359 uifionum.
402 1317 548 1357 Totam
586 1325 716 1357 autem
752 1314 919 1357 Mais-am
958 1316 1172 1368 Mercurii,
1214 1324 1253 1356 et
1295 1315 1450 1369 capaci-

128 1389 252 1420 tatem
286 1380 377 1420 vitri
411 1380 556 1420 affiimfi
589 1378 747 1419 diuisam
784 1380 824 1419 in
868 1391 1048 1419 100000
1092 1389 1218 1433 partes
1257 1378 1445 1432 aequales.

129 1441 297 1493 BUanx,
329 1456 402 1495 qua
436 1444 566 1496 primo
599 1441 683 1482 vsus
715 1441 820 1492 sum,
855 1441 925 1482 fuit
958 1442 1270 1495 pharmaceutica
1289 1454 1376 1481 cum
1399 1453 1450 1481 eo

127 1506 409 1560 pertinentibus
438 1505 711 1545 instrumentis.
778 1504 956 1545 Mensura
988 1504 1059 1544 fuit
1089 1505 1240 1545 decima
1272 1516 1358 1557 pars
1397 1503 1450 1542 li-

129 1581 250 1620 neae,
277 1582 434 1622 quatum
467 1569 604 1608 decem
638 1567 849 1620 pollicem,
898 1568 1105 1608 duodecim
1148 1579 1246 1607 vero
1289 1566 1454 1619 pollices

130 1631 273 1684 pedem
314 1632 572 1685 Anglicanum
614 1629 861 1670 constituunt.
925 1630 1236 1672 Thermometra
1278 1628 1449 1672 adhibita

132 1695 288 1735 vocabo
319 1691 581 1749 A.)B.)C.)
612 1701 688 1732 etc.

509 1783 992 1864 Experimentum
1026 1782 1066 1842 Ι.

193 1871 240 1914 In
259 1872 572 1913 Thermometro
591 1872 673 1922 A.)
694 1873 798 1925 quod
819 1885 982 1912 vacuum
1003 1871 1208 1924 pendet:
1223 1874 1445 1925 384.gran.

132 1945 216 1979 crat
246 1935 397 1976 Pondus
426 1934 614 1976 Mercurii
646 1936 687 1974 in
716 1947 812 1988 aqua
843 1935 1056 1987 gelascente

323 1998 364 2038 in
395 1998 449 2038 A.
484 1996 679 2037 haerentis
742 2020 781 2027 -—
845 2019 885 2029 -
949 2019 988 2028 —
1052 2019 1092 2027 —
1155 2000 1423 2050 :1861.gr.

198 2071 276 2108 vna
307 2073 399 2103 cum
430 2070 644 2115 augmento
676 2059 868 2102 Mercurii
896 2061 937 2102 in
967 2058 1018 2102 Β.
1069 2079 1092 2090 ·
1160 2063 1360 2111 :1890.
1370 2071 1430 2112 gr.

693 2123 760 2167 Rr
798 2135 822 2164 2
1329 2122 1444 2175 Ergo
