1941 2674
390 62 480 107 ET
502 63 932 113 METEOROLOGI
936 69 972 112 C
972 69 1066 114 ΑΕ.
1273 87 1359 127 441

79 180 206 223 sertim
225 190 317 221 vero
334 182 522 235 pleraeque
539 184 695 224 Maioris
707 186 836 237 Vrsae,
857 188 1212 241 transspicicbantur:
1234 202 1370 243 quam-

82 245 213 284 obrem
243 246 418 284 indicium
447 246 519 285 hoc
540 252 700 298 (praeter
724 254 861 297 cetera)
878 253 1067 290 Auroram
1095 253 1265 304 equidem
1293 256 1366 295 esse

81 306 283 349 Borealem
307 309 394 348 illud
415 307 744 360 phaenomcnum,
779 314 963 366 perspicue
984 316 1315 356 commonstrabar.

228 394 314 433 Post
333 393 448 432 horae
468 395 662 442 trientem,
692 395 873 437 humilior
898 400 1036 438 reddita
1064 408 1164 452 crat,
1202 414 1242 440 ac
1260 409 1366 453 parte

82 456 241 496 occidua
273 456 474 507 attingebat
506 456 723 497 finitorem:
770 461 921 499 inferior
951 462 1086 501 limbus
1118 464 1366 503 subobscurior

82 518 309 572 apparebat3
347 518 510 570 superior
538 532 626 558 vcro
652 522 748 560 mire
777 522 978 563 laciniosus.
1032 525 1082 564 Et
1108 524 1211 578 supra
1242 526 1360 578 ipsum

82 590 156 622 tres
184 591 386 634 quatuorue
421 581 534 620 veluti
569 583 698 622 rubrae
730 584 848 624 trabes
878 586 1200 641 extendebantur3
1244 589 1365 640 plures

81 654 211 686 autem
243 644 358 683 etiam
394 653 477 682 ante
511 646 727 697 prodierant
760 647 965 689 illiusmodi
999 650 1144 701 trabes,
1197 649 1255 691 seu
1287 652 1365 692 vir-

80 720 173 762 gae,
205 720 247 748 ac
279 717 515 748 euanuerant.

229 796 460 852 Quindecim
480 796 625 835 circiter
651 798 850 848 praeteritis
866 798 980 838 horae
999 799 1247 851 sexagesimis,
1279 812 1368 841 ver-

78 859 132 901 sus
172 861 366 900 occiduam
411 859 558 912 plagam
600 859 887 911 quodammodo
926 862 1071 901 Aurora
1113 863 1365 914 concesserat,

81 923 204 978 plures
231 935 326 962 vero
359 921 428 961 sese
460 922 660 961 efferebant
686 923 835 975 virgae,
870 933 907 962 et
935 925 1114 976 quaedam
1143 925 1218 963 cius
1242 935 1364 977 partes

80 987 180 1040 quasi
207 986 384 1026 fluctuare
409 985 650 1040 videbantur,
685 987 980 1039 mutationesque
1004 987 1249 1027 creberrimae
1272 988 1364 1028 aliae

78 1051 166 1091 alias
198 1050 447 1103 excipiebant.

228 1128 420 1181 Deinceps
450 1140 544 1169 vero
577 1130 731 1182 quietius
762 1130 827 1173 (vt
858 1130 908 1169 ita
942 1131 1098 1176 dicam)
1142 1129 1365 1182 languidius,

82 1202 122 1234 et
149 1192 299 1233 albidius
322 1192 628 1247 phaenomenum
659 1193 894 1233 efficiebatur.
962 1194 1062 1248 Quin
1091 1193 1202 1232 etiam
1231 1193 1277 1232 ab
1295 1205 1364 1232 oc..

79 1257 184 1297 cidua
216 1255 324 1308 plaga
355 1255 670 1303 contrahebatur,
729 1256 888 1308 perstans
919 1260 1037 1296 verius
1071 1257 1362 1308 septemtriones.

81 1319 303 1361 Nonnullae
335 1318 450 1359 veluti
485 1320 598 1359 nubes
629 1320 828 1368 albidulae,
861 1319 1087 1360 tenuissimae
1108 1349 1118 1368 ,
1164 1331 1207 1358 ac
1238 1319 1363 1373 (plen-

78 1383 209 1424 dentes
243 1383 287 1423 ad
319 1382 509 1422 luminum
542 1383 616 1423 fere
648 1383 740 1422 caeli
774 1383 1041 1436 pertingebant.

228 1471 332 1514 Circa
361 1473 496 1513 horam
526 1473 714 1513 decimam
742 1487 827 1514 cum
857 1461 1034 1528 dimidia,
1065 1473 1141 1523 iam
1170 1473 1365 1527 extingue-

80 1536 208 1591 batur3
246 1549 288 1577 ac
318 1537 563 1577 solummodo
591 1538 686 1577 inter
703 1535 866 1576 Boream
889 1547 922 1575 ct
942 1536 1080 1576 Ortum
1100 1539 1232 1577 incerta
1252 1551 1365 1590 quae-

82 1602 171 1641 dam
199 1602 331 1652 exigua
362 1600 555 1640 albicantia
584 1600 724 1640 lunaria
753 1600 1079 1653 conspiciebantur.
1145 1600 1201 1640 At
1230 1600 1361 1640 deinde

79 1665 168 1718 quid
192 1664 339 1705 vlterius
357 1665 609 1717 contingeret,
640 1663 734 1704 mihi
753 1676 829 1704 non
859 1664 959 1703 licuit
983 1663 1181 1716 speculari,
1209 1663 1363 1703 nubibus

77 1727 332 1768 infuscantibus
353 1729 454 1767 ae'ra.
497 1760 499 1762 ,
522 1727 615 1767 Non
644 1726 788 1767 defuere
815 1736 939 1767 tamen
967 1727 1026 1778 qui
1049 1727 1086 1765 in
1115 1726 1183 1766 alia
1210 1727 1362 1778 regione

80 1791 239 1831 eandem
260 1793 450 1831 Auroram
471 1788 672 1844 Borealem
701 1791 782 1843 post
802 1790 951 1842 aliquod
977 1789 1158 1842 temporis
1187 1789 1364 1829 interual-

78 1853 166 1896 lum
199 1853 469 1894 obseruauerint
501 1854 786 1893 reuiuescemem
823 1854 997 1906 quidem,
1038 1852 1120 1901 sed,
1152 1851 1364 1893 breuiffimo

80 1918 266 1961 transacto
292 1918 475 1970 temporis
492 1916 633 1971 spano,
667 1918 800 1957 iterum
821 1917 870 1956 ita
889 1914 1161 1955 euanestentem
1178 1945 1187 1960 ‚
1220 1926 1263 1954 vt
1282 1915 1365 1968 post

81 1992 284 2036 perpaucas
301 1980 540 2034 sexagefimas
557 1982 718 2022 omnino
735 1980 904 2023 diffoluta
922 1979 1030 2026 fuerit
1047 1989 1151 2034 atque
1170 1977 1361 2018 exstincta.

79 2092 85 2098 ·
111 2065 362 2115 Tom.V1H.
403 2079 406 2082 ⁴
503 2092 510 2094 ”
666 2068 790 2113 Kkk
986 2060 990 2069 ²
1182 2062 1235 2106 11.
1270 2063 1364 2106 ΟΒ-
