1941 2674
515 113 602 153 114
630 100 708 141 DE
745 99 988 143 LEGIBVS
1018 97 1391 161 QVIBVSDAM
1428 100 1804 147 MECHANICIS

622 220 655 266 §.
699 229 737 257 2.
774 217 828 257 Vt
860 228 957 257 vero
989 217 1121 270 aliquo
1153 224 1333 270 appareat
1360 216 1577 269 exemplo,
1617 229 1801 270 quantum

506 279 641 320 fiet-im
677 280 786 319 illam
819 288 975 318 naturae
1010 280 1141 331 legem
1177 280 1419 332 experientia
1462 279 1602 331 probet
1645 281 1801 333 impro.

505 343 642 392 betue‚
677 355 800 383 vnum
832 341 997 381 referam
1039 342 1116 381 fide
1159 343 1344 394 dignum:
1395 341 1557 381 altitudo
1597 355 1716 395 aquae
1759 345 1800 384 in

504 404 591 445 vase
623 415 705 445 erat
739 406 906 445 duorum
940 405 1085 456 pedum
1135 403 1253 444 Paris.
1296 404 1473 444 foramen
1514 405 1701 445 circulare
1758 408 1800 447 in

505 468 625 509 fundo
658 467 897 508 horizontali
936 467 1080 507 factum
1139 467 1374 506 diametrum
1420 466 1587 507 habebat
1636 477 1801 521 quatuor

505 531 724 582 linearum,
757 540 796 570 et
828 531 887 570 vis
923 541 1042 569 venae
1093 542 1237 583 aqueae
1279 529 1477 570 obseruata
1519 529 1590 570 fuit
1631 530 1799 584 aequalis

506 595 670 647 ponderi
704 595 817 633 vnius
848 592 984 633 vnciae
1014 605 1103 632 cum
1137 592 1257 632 tribus
1283 593 1435 645 quartis.
1501 593 1559 633 At
1579 606 1675 633 vero
1697 606 1800 645 pon-

504 657 576 697 dus
604 657 770 707 cylindri
803 656 915 709 aquei
946 652 1132 695 foramini
1163 656 1424 695 incumbentis
1457 655 1637 696 subducto
1671 657 1801 696 calcu-

506 719 550 759 lo
584 720 654 760 vix
687 732 730 759 ac
763 731 812 758 ne
850 718 922 759 vix
962 719 1118 770 quidem
1161 727 1299 771 aequat
1342 718 1501 758 vnciam
1547 731 1665 759 vnam
1707 731 1798 759 cum

505 782 624 822 tribus
655 782 818 822 oet-auis:
853 779 1068 820 differentia
1101 781 1218 832 igitur
1250 781 1302 822 est
1323 781 1530 821 minimum
1550 782 1669 821 trium
1689 781 1802 822 oc'ta-

507 857 647 885 uarum
681 845 789 885 vnius
822 845 958 883 vnciae
992 844 1188 896 partium,
1219 855 1316 896 quae
1348 844 1516 883 omnino
1559 853 1634 883 tres
1678 845 1803 885 vnde·
1855 857 1860 861 ’

507 908 630 947 cimas
671 906 978 960 praememorati
1015 905 1184 955 cylindri
1223 907 1333 958 aquei
1375 906 1559 957 ponderis
1600 906 1802 959 efficiunt,

507 971 560 1009 ita
611 978 656 1009 vt
705 970 825 1009 mirer
865 965 972 1007 fuiffe
1020 968 1228 1008 discrimen
1274 968 1322 1007 ab
1363 968 1636 1019 Academicis,
1699 982 1803 1021 quo-

506 1044 592 1073 rum
636 1044 727 1072 cura
768 1031 859 1071 teste
901 1030 958 1070 D.
997 1030 1062 1070 Du
1100 1030 1247 1071 Hamel
1273 1029 1397 1070 sumta
1444 1030 1597 1070 fuerunt
1641 1032 1804 1084 experi-

506 1102 668 1146 menta,
701 1093 923 1146 neglestum
955 1092 1033 1132 fere
1064 1102 1130 1133 aut
1161 1094 1273 1133 vnice
1306 1092 1493 1133 tributum
1524 1093 1585 1144 ei,
1621 1095 1722 1146 quod
1743 1094 1804 1134 la-

509 1157 617 1197 mina
649 1168 762 1210 aquas
793 1156 992 1208 excipiens
1025 1167 1048 1194 a
1079 1154 1272 1195 foramine
1313 1155 1552 1207 aliquantum
1594 1168 1801 1198 remouere

510 1216 660 1260 neceffe
691 1219 821 1259 fuerit:
854 1217 912 1258 fac
945 1218 1054 1257 enim
1087 1227 1282 1257 remotam
1315 1217 1424 1257 fuiffe
1457 1217 1523 1258 vel
1541 1218 1688 1259 duobus
1708 1220 1803 1273 pol-

510 1282 669 1330 limbus,
704 1293 784 1321 non
816 1281 918 1320 aliud
949 1280 1040 1319 inde
1074 1280 1359 1321 incrementum
1394 1280 1563 1331 orietur,
1597 1294 1714 1333 quam
1738 1283 1804 1322 vi-

511 1346 658 1398 gesima
690 1352 819 1398 quarta
854 1342 1146 1397 propemodum
1178 1354 1265 1394 pars
1296 1343 1416 1382 totius
1449 1343 1533 1394 vis,
1566 1355 1663 1395 quae
1698 1356 1803 1384 non-

511 1410 606 1448 dum
642 1408 837 1447 decimam
867 1406 1015 1446 sextam
1052 1414 1204 1458 partem
1237 1405 1348 1445 vnius
1366 1405 1498 1445 vnciae
1525 1403 1660 1446 efficit.
1729 1407 1802 1448 Pa-

513 1480 570 1510 tet
600 1471 719 1523 igitur
748 1469 981 1523 opinionem
1010 1477 1198 1508 vautorum
1233 1466 1509 1520 experimento
1541 1468 1617 1508 isto
1638 1481 1718 1509 non
1738 1470 1804 1510 so-

513 1533 596 1573 lum
631 1545 712 1573 non
744 1532 998 1582 confirmari,
1032 1530 1092 1570 sed
1128 1531 1254 1583 potius
1286 1530 1520 1583 improbari:
1561 1531 1670 1572 idem
1703 1545 1802 1574 vero

512 1596 625 1649 plane
660 1595 728 1636 fiet
759 1595 1002 1649 perspicuum
1034 1605 1085 1633 ex
1117 1593 1375 1647 sequentibus:
1408 1594 1566 1633 interim
1600 1603 1731 1635 tamen
1749 1596 1803 1636 ita

513 1659 701 1710 inualust,
734 1668 779 1698 vt
809 1659 967 1711 quisque
1006 1656 1077 1697 sibi
1117 1657 1303 1709 religioni
1345 1656 1499 1697 duxerit
1548 1657 1595 1697 de
1635 1669 1681 1698 ea
1737 1658 1802 1699 vel

515 1723 728 1762 minimum
758 1721 950 1762 dubitare.

628 1817 659 1865 ξ.
683 1827 726 1864 3.
758 1812 846 1854 Iam
879 1826 976 1855 vero
1007 1814 1072 1854 hic
1106 1814 1271 1855 libenter
1302 1826 1501 1866 quaeram,
1534 1825 1651 1867 quare
1685 1827 1804 1856 com-

515 1879 666 1932 paratio
699 1878 914 1918 instituatur
947 1879 1046 1918 inter
1078 1878 1229 1931 pondus
1260 1877 1426 1927 cylindri
1465 1877 1575 1930 aquei
1616 1877 1802 1918 foramini

513 1941 677 1982 effluxus
708 1940 966 1981 incumbentis
998 1951 1037 1980 et
1072 1941 1155 1981 vim
1189 1938 1341 1980 venae?
1379 1952 1522 1992 nempe
1554 1939 1799 1981 altitudinem

511 2005 619 2046 istius
650 2003 815 2055 cylindri
846 2004 1107 2057 considerant,
1140 2013 1320 2056 tanquam
1352 2002 1596 2043 altitudinem
1641 2014 1692 2042 ex
1726 2017 1799 2056 qua

1659 2077 1802 2120 cor-pus
