1941 2674
459 68 743 117 ORIGINES
776 66 1081 118 RVSSICAE.
1317 85 1409 131 407

125 198 212 226 cum
241 182 361 227 Getae
395 188 579 241 principio
605 202 692 229 cum
723 190 929 231 Thracibus
954 192 1091 232 codem
1119 204 1279 246 corpore
1304 193 1410 248 supra

125 249 394 290 Macedoniam
436 253 481 291 ad
514 251 651 292 Istrum
686 266 796 305 Vsque
837 264 1020 305 egerunt,
1072 256 1180 295 vicini
1217 257 1263 296 ad
1297 269 1411 298 occa-

122 311 200 352 sum
234 314 362 353 cctcris
394 311 625 355 Germanicis
657 317 804 368 populis
827 347 837 366 ,
890 318 973 357 iude
1006 318 1082 358 iam
1118 330 1182 358 eos
1212 320 1272 359 iub
1307 329 1410 361 aeta-

121 383 200 414 tem
228 377 381 428 Augusti
410 375 591 425 Caelium,
626 389 664 418 et
698 379 822 431 paullo
857 390 940 418 ante
973 393 1082 429 cum,
1118 382 1275 422 trajeeto
1309 381 1407 424 Istro

119 437 393 489 Borysthenem
429 441 567 492 petiiffe
598 441 684 480 alibi
711 442 976 482 demonstraui.
1040 443 1246 497 Sequuntur
1272 446 1407 486 deinde

120 510 291 554 tempora
313 532 323 549 ‚
366 515 454 542 cum
487 505 532 544 ad
566 504 733 555 Volgum
768 517 879 557 vsque
913 505 1090 546 latissimis
1120 507 1240 559 spatiis
1271 520 1405 561 regna-

117 573 220 614 runt,
253 565 393 614 donec,
427 568 523 619 quod
556 568 593 605 in
627 568 758 619 primis
783 578 949 607 accurate
975 581 1024 608 ex
1052 571 1266 610 Ammiano
1295 571 1402 612 Mar-

113 626 249 667 cellino
283 637 448 668 tenemus
468 660 476 676 ‚
528 629 574 668 ab
606 629 750 669 Hunnis
781 631 872 682 pulsi
907 630 997 670 sunt.
1093 631 1182 672 Scio
1218 646 1399 686 maguam

115 702 249 730 eorum
282 700 426 744 partem
461 691 499 729 in
532 689 805 740 Germaniam,
848 690 1039 742 Galliam,
1082 693 1255 746 Italiam,
1289 708 1399 750 atque

113 752 359 806 Hispaniam,
414 752 480 792 sest:
520 754 710 793 effudisse:
776 764 902 794 tamen
937 755 1032 795 haud
1069 770 1222 808 paruam
1261 772 1397 800 eorum

111 828 268 855 manum
304 823 397 868 puto
428 816 544 866 magis
575 817 621 855 ad
649 817 805 855 boream
836 825 873 856 et
902 818 1016 870 ipsam
1044 819 1082 858 in
1109 818 1396 862 Scandinauiam

109 877 330 918 conceffiffe.
404 877 497 918 Non
531 878 584 917 est
621 877 766 918 huiusce
798 879 894 928 loci,
929 889 969 919 vt
1003 880 1038 919 id
1072 893 1257 935 exequar,
1291 884 1398 925 dabi-

107 949 166 981 tur
205 941 263 980 isti
303 949 521 993 argumento
553 952 590 981 ct
623 951 768 994 tempus
800 942 897 982 aliud
933 951 971 981 et
1001 944 1125 983 maior
1160 948 1395 998 oportunitas

105 1003 265 1043 dicendi.
349 1004 515 1043 Tantum
553 1005 656 1043 euim
689 1004 788 1043 abest
809 1034 820 1054 ,
875 1014 917 1045 vt
951 1014 1094 1046 veteres
1125 1004 1393 1051 Scandinauiae

104 1066 293 1114 austores,
329 1066 391 1119 qui
424 1065 650 1106 Iornandem
683 1067 851 1106 nondum
885 1068 1070 1119 viderant,
1106 1067 1391 1115 Scandinauiam

105 1131 284 1182 vaginam
317 1129 488 1182 gentium
522 1130 706 1181 prodant,
740 1142 762 1169 e
791 1142 861 1182 qua
896 1127 1017 1172 Gothi
1051 1140 1129 1172 tota
1156 1134 1307 1187 Europa
1341 1135 1390 1176 il-

100 1192 228 1233 lustres
260 1193 440 1242 exierint,
473 1201 514 1231 vt
541 1193 663 1245 potius
692 1193 810 1232 iidem
844 1192 900 1233 illi
934 1193 1010 1233 suas
1042 1193 1182 1236 incolas
1212 1209 1289 1237 non
1320 1198 1390 1239 ab·

100 1257 258 1310 origines
289 1257 429 1304 edant,
473 1266 605 1295 verum
639 1256 859 1296 aduentitios
879 1286 889 1304 ‚
931 1259 991 1308 qui
1022 1256 1115 1296 alios
1146 1257 1286 1300 sedibus
1318 1273 1389 1302 ex-

98 1318 259 1372 pulerint
279 1349 289 1369 ‚
339 1327 452 1371 vtque
485 1315 695 1359 Gothicum
736 1330 877 1357 nomen
919 1319 955 1358 in
996 1317 1236 1362 Scandinauia
1279 1324 1386 1365 sterius

101 1392 229 1422 ortum
257 1381 439 1430 referant,
468 1394 581 1434 quam
609 1382 675 1421 fuit
701 1381 774 1421 illis
800 1377 978 1421 Gothicis
1001 1384 1244 1436 temporibus.
1297 1385 1384 1428 Post

96 1445 163 1485 ista
197 1455 370 1498 tempora
403 1442 502 1484 Slaui
537 1454 649 1498 caput
683 1444 905 1484 extulerunt.
992 1445 1048 1485 At
1078 1446 1131 1485 illi
1165 1448 1286 1501 magis
1318 1462 1385 1490 au-

97 1508 220 1549 strales
243 1509 378 1547 tradtus
404 1518 572 1557 tenuere,
602 1509 722 1547 donec
748 1507 912 1555 eodem,
941 1520 1018 1560 quo
1045 1505 1165 1549 Getae
1194 1512 1294 1562 iure,
1319 1525 1380 1552 re-

93 1572 222 1624 giones
252 1571 457 1610 inuaserant
489 1569 550 1610 sub
583 1571 710 1610 borea.
802 1569 859 1610 Ita
891 1569 1091 1623 superiores
1121 1572 1179 1613 seu
1215 1574 1381 1617 boreales

92 1633 218 1683 Slaui,
252 1643 330 1674 tum
356 1630 500 1673 Geticis
529 1634 709 1686 reliquiis,
753 1641 834 1673 tum
862 1633 995 1673 Fennis
1021 1636 1214 1687 permisti,
1247 1647 1285 1677 et
1316 1651 1378 1679 re-

89 1702 155 1751 g'es
186 1698 251 1738 fibi
285 1699 540 1750 imposuerunt
565 1709 586 1736 e
611 1693 750 1736 Getico
780 1708 962 1749 corpore,
993 1707 1031 1737 et
1057 1698 1102 1737 ab
1126 1698 1203 1738 hoc
1234 1700 1375 1754 disper-

89 1761 193 1803 fione
224 1772 368 1800 nomen
403 1759 607 1802 Rossicum.
678 1758 741 1798 Isti
772 1758 916 1812 dispersi
948 1758 1050 1800 Slaui
1083 1771 1122 1800 et
1150 1763 1249 1815 quasi
1282 1763 1369 1816 fini,

87 1823 277 1864 coniunCti
310 1836 398 1863 cum
430 1824 559 1863 ceteris
591 1822 758 1875 gentibus
790 1835 908 1863 vnum
934 1822 972 1861 in
1002 1835 1135 1877 corpus
1160 1835 1268 1879 atque
1291 1840 1371 1869 vno

85 1887 148 1928 sub
181 1899 288 1939 rege,
326 1898 478 1938 magnas
509 1898 566 1925 res
599 1886 804 1937 gesserunt,
847 1885 1042 1937 ceterisque
1073 1886 1190 1928 Slauis
1220 1889 1282 1930 sub
1312 1891 1369 1931 iu-

83 1963 178 2003 gum
213 1948 349 1998 miffis‚
387 1948 630 2004 Borysthenis
659 1949 872 1988 maximam
905 1958 1056 1988 tenuere
1087 1960 1256 2003 partem,
1292 1954 1368 2007 ipsa

84 2026 174 2056 cum
206 2013 354 2056 Kiouia.
416 2009 520 2054 Cum
552 2021 678 2054 autem
713 2010 813 2054 Slaui
847 2024 868 2053 a
899 2007 1042 2054 Geticis
1071 2013 1233 2067 ciuibus,
1268 2028 1366 2069 quo-

1278 2092 1364 2123 rum
