<?xml version="1.0" encoding="UTF-8"?>
<!DOCTYPE html PUBLIC "-//W3C//DTD XHTML 1.0 Transitional//EN"
    "http://www.w3.org/TR/xhtml1/DTD/xhtml1-transitional.dtd">
<html xmlns="http://www.w3.org/1999/xhtml" xml:lang="en" lang="en">
 <head>
  <title>
</title>
<meta http-equiv="Content-Type" content="text/html;charset=utf-8" />
  <meta name='ocr-system' content='tesseract 3.04.00' />
  <meta name='ocr-capabilities' content='ocr_page ocr_carea ocr_par ocr_line ocrx_word'/>
</head>
<body>
  <div class='ocr_page' id='page_1' title='image "./commentariiacade08impe_0127.png"; bbox 0 0 1941 2674; ppageno 0'>
   <div class='ocr_carea' id='block_1_1' title="bbox 424 79 1405 137">
    <p class='ocr_par' dir='ltr' id='par_1_1' title="bbox 424 79 1405 137">
     <span class='ocr_line' id='line_1_1' title="bbox 424 79 1405 137; baseline 0.002 -15"><span class='ocrx_word' id='word_1_1' title='bbox 424 79 637 123; x_wconf 77' lang='lat' dir='ltr'><em>NONDV</em></span> <span class='ocrx_word' id='word_1_2' title='bbox 638 81 693 122; x_wconf 93' lang='lat' dir='ltr'><em>M</em></span> <span class='ocrx_word' id='word_1_3' title='bbox 730 80 1080 123; x_wconf 83' lang='lat' dir='ltr'><em>DESCRIPTIS.</em></span> <span class='ocrx_word' id='word_1_4' title='bbox 1320 98 1339 123; x_wconf 86' lang='lat'>1</span> <span class='ocrx_word' id='word_1_5' title='bbox 1349 98 1374 125; x_wconf 89' lang='lat'>0</span> <span class='ocrx_word' id='word_1_6' title='bbox 1382 100 1405 137; x_wconf 79' lang='lat'>3</span> 
     </span>
    </p>
   </div>
   <div class='ocr_carea' id='block_1_2' title="bbox 112 195 1411 627">
    <p class='ocr_par' dir='ltr' id='par_1_2' title="bbox 112 195 1411 627">
     <span class='ocr_line' id='line_1_2' title="bbox 115 195 1411 252; baseline 0.003 -14"><span class='ocrx_word' id='word_1_7' title='bbox 115 197 284 238; x_wconf 68' lang='lat' dir='ltr'>decifiim</span> <span class='ocrx_word' id='word_1_8' title='bbox 320 195 418 247; x_wconf 67' lang='lat' dir='ltr'>effe,</span> <span class='ocrx_word' id='word_1_9' title='bbox 454 207 558 248; x_wconf 82' lang='lat' dir='ltr'>patet</span> <span class='ocrx_word' id='word_1_10' title='bbox 590 209 640 236; x_wconf 83' lang='lat' dir='ltr'>ex</span> <span class='ocrx_word' id='word_1_11' title='bbox 673 210 746 248; x_wconf 86' lang='lat' dir='ltr'>eo,</span> <span class='ocrx_word' id='word_1_12' title='bbox 781 199 882 251; x_wconf 88' lang='lat' dir='ltr'>quod</span> <span class='ocrx_word' id='word_1_13' title='bbox 916 199 1040 252; x_wconf 74' lang='lat' dir='ltr'>posito</span> <span class='ocrx_word' id='word_1_14' title='bbox 1083 211 1251 252; x_wconf 85' lang='lat' dir='ltr'>corpore</span> <span class='ocrx_word' id='word_1_15' title='bbox 1294 202 1333 240; x_wconf 90' lang='lat' dir='ltr'>in</span> <span class='ocrx_word' id='word_1_16' title='bbox 1374 216 1411 243; x_wconf 87' lang='lat' dir='ltr'>m</span> 
     </span>
     <span class='ocr_line' id='line_1_3' title="bbox 117 252 1410 316; baseline 0.004 -16"><span class='ocrx_word' id='word_1_17' title='bbox 117 261 316 312; x_wconf 79' lang='lat' dir='ltr'>fiuntaque</span> <span class='ocrx_word' id='word_1_18' title='bbox 350 273 421 312; x_wconf 84' lang='lat' dir='ltr'>pro</span> <span class='ocrx_word' id='word_1_19' title='bbox 456 261 566 298; x_wconf 80' lang='lat' dir='ltr'>rad1o</span> <span class='ocrx_word' id='word_1_20' title='bbox 599 260 713 299; x_wconf 84' lang='lat' dir='ltr'>osculi</span> <span class='ocrx_word' id='word_1_21' title='bbox 748 252 846 300; x_wconf 81' lang='lat' dir='ltr'>linca</span> <span class='ocrx_word' id='word_1_22' title='bbox 880 262 962 301; x_wconf 66' lang='grc' dir='ltr'>ΜΗ</span> <span class='ocrx_word' id='word_1_23' title='bbox 999 263 1058 301; x_wconf 79' lang='lat' dir='ltr'>val</span> <span class='ocrx_word' id='word_1_24' title='bbox 1093 262 1190 314; x_wconf 80' lang='lat' dir='ltr'>nH,</span> <span class='ocrx_word' id='word_1_25' title='bbox 1228 265 1410 316; x_wconf 51' lang='lat' dir='ltr'>poffmius</span> 
     </span>
     <span class='ocr_line' id='line_1_4' title="bbox 117 322 1406 378; baseline 0.003 -15"><span class='ocrx_word' id='word_1_26' title='bbox 117 324 301 363; x_wconf 78' lang='lat' dir='ltr'>latusculo</span> <span class='ocrx_word' id='word_1_27' title='bbox 335 335 402 362; x_wconf 81' lang='lat' dir='ltr'>mn</span> <span class='ocrx_word' id='word_1_28' title='bbox 434 322 651 362; x_wconf 83' lang='lat' dir='ltr'>substituere</span> <span class='ocrx_word' id='word_1_29' title='bbox 685 322 797 362; x_wconf 79' lang='lat' dir='ltr'>filum</span> <span class='ocrx_word' id='word_1_30' title='bbox 831 338 865 363; x_wconf 87' lang='lat' dir='ltr'>m</span> <span class='ocrx_word' id='word_1_31' title='bbox 878 325 914 363; x_wconf 90' lang='lat' dir='ltr'><em>H</em></span> <span class='ocrx_word' id='word_1_32' title='bbox 954 326 1016 364; x_wconf 88' lang='lat' dir='ltr'>vel</span> <span class='ocrx_word' id='word_1_33' title='bbox 1060 338 1082 364; x_wconf 82' lang='lat' dir='ltr'><em>n</em></span> <span class='ocrx_word' id='word_1_34' title='bbox 1095 325 1131 364; x_wconf 84' lang='lat' dir='ltr'><em>H</em></span> <span class='ocrx_word' id='word_1_35' title='bbox 1177 328 1321 378; x_wconf 70' lang='lat' dir='ltr'>puuc&#39;to</span> <span class='ocrx_word' id='word_1_36' title='bbox 1368 328 1406 368; x_wconf 83' lang='lat' dir='ltr'><strong>H</strong></span> 
     </span>
     <span class='ocr_line' id='line_1_5' title="bbox 114 386 1410 443; baseline 0.003 -17"><span class='ocrx_word' id='word_1_37' title='bbox 114 386 304 436; x_wconf 72' lang='lat' dir='ltr'>affixum,</span> <span class='ocrx_word' id='word_1_38' title='bbox 342 386 406 425; x_wconf 78' lang='lat' dir='ltr'>vbi</span> <span class='ocrx_word' id='word_1_39' title='bbox 442 386 681 424; x_wconf 78' lang='lat' dir='ltr'>manifestum</span> <span class='ocrx_word' id='word_1_40' title='bbox 720 388 793 436; x_wconf 84' lang='lat' dir='ltr'>est,</span> <span class='ocrx_word' id='word_1_41' title='bbox 828 390 1040 439; x_wconf 82' lang='lat' dir='ltr'>potentiam</span> <span class='ocrx_word' id='word_1_42' title='bbox 1063 391 1220 440; x_wconf 79' lang='lat' dir='ltr'>corpori</span> <span class='ocrx_word' id='word_1_43' title='bbox 1241 403 1410 443; x_wconf 80' lang='lat' dir='ltr'>perpen-</span> 
     </span>
     <span class='ocr_line' id='line_1_6' title="bbox 114 448 1407 501; baseline 0.005 -12"><span class='ocrx_word' id='word_1_44' title='bbox 114 450 336 489; x_wconf 76' lang='lat' dir='ltr'>diculariter</span> <span class='ocrx_word' id='word_1_45' title='bbox 369 449 414 488; x_wconf 84' lang='lat' dir='ltr'>ad</span> <span class='ocrx_word' id='word_1_46' title='bbox 449 461 606 488; x_wconf 80' lang='lat' dir='ltr'>curnam</span> <span class='ocrx_word' id='word_1_47' title='bbox 640 448 872 500; x_wconf 74' lang='lat' dir='ltr'>applicatam</span> <span class='ocrx_word' id='word_1_48' title='bbox 908 451 1086 501; x_wconf 76' lang='lat' dir='ltr'>idemque</span> <span class='ocrx_word' id='word_1_49' title='bbox 1130 463 1149 489; x_wconf 83' lang='lat' dir='ltr'>a</span> <span class='ocrx_word' id='word_1_50' title='bbox 1198 454 1259 490; x_wconf 79' lang='lat' dir='ltr'>via</span> <span class='ocrx_word' id='word_1_51' title='bbox 1304 455 1407 495; x_wconf 66' lang='lat' dir='ltr'>resta</span> 
     </span>
     <span class='ocr_line' id='line_1_7' title="bbox 114 510 1408 567; baseline 0.003 -15"><span class='ocrx_word' id='word_1_52' title='bbox 114 513 434 564; x_wconf 71' lang='lat' dir='ltr'>detorquentem,</span> <span class='ocrx_word' id='word_1_53' title='bbox 478 511 554 550; x_wconf 85' lang='lat' dir='ltr'>effe</span> <span class='ocrx_word' id='word_1_54' title='bbox 598 510 800 562; x_wconf 73' lang='lat' dir='ltr'>aequalem</span> <span class='ocrx_word' id='word_1_55' title='bbox 844 512 1020 563; x_wconf 85' lang='lat' dir='ltr'>corporis</span> <span class='ocrx_word' id='word_1_56' title='bbox 1067 512 1106 550; x_wconf 79' lang='lat' dir='ltr'>vi</span> <span class='ocrx_word' id='word_1_57' title='bbox 1149 515 1408 567; x_wconf 75' lang='lat' dir='ltr'>centrifugaez</span> 
     </span>
     <span class='ocr_line' id='line_1_8' title="bbox 112 573 1408 627; baseline 0.003 -13"><span class='ocrx_word' id='word_1_58' title='bbox 112 574 206 615; x_wconf 81' lang='lat' dir='ltr'>haec</span> <span class='ocrx_word' id='word_1_59' title='bbox 239 575 317 614; x_wconf 80' lang='lat' dir='ltr'>alio</span> <span class='ocrx_word' id='word_1_60' title='bbox 354 573 508 614; x_wconf 85' lang='lat' dir='ltr'>inferius</span> <span class='ocrx_word' id='word_1_61' title='bbox 548 573 784 626; x_wconf 87' lang='lat' dir='ltr'>exponendo</span> <span class='ocrx_word' id='word_1_62' title='bbox 826 575 950 626; x_wconf 79' lang='lat' dir='ltr'>magis</span> <span class='ocrx_word' id='word_1_63' title='bbox 990 573 1288 627; x_wconf 86' lang='lat' dir='ltr'>explicabuntur</span> <span class='ocrx_word' id='word_1_64' title='bbox 1330 590 1408 618; x_wconf 76' lang='lat' dir='ltr'>ex-</span> 
     </span>
    </p>
   </div>
   <div class='ocr_carea' id='block_1_3' title="bbox 114 638 1402 782">
    <p class='ocr_par' dir='ltr' id='par_1_3' title="bbox 114 638 1402 782">
     <span class='ocr_line' id='line_1_9' title="bbox 114 638 265 692; baseline 0.007 -15"><span class='ocrx_word' id='word_1_65' title='bbox 114 638 265 692; x_wconf 79' lang='lat' dir='ltr'>emplo.</span> 
     </span>
     <span class='ocr_line' id='line_1_10' title="bbox 227 727 1402 782; baseline 0.004 -10"><span class='ocrx_word' id='word_1_66' title='bbox 227 731 430 773; x_wconf 80' lang='lat' dir='ltr'>Ducantur</span> <span class='ocrx_word' id='word_1_67' title='bbox 462 742 581 782; x_wconf 81' lang='lat' dir='ltr'>porro</span> <span class='ocrx_word' id='word_1_68' title='bbox 614 727 647 768; x_wconf 90' lang='lat' dir='ltr'>B</span> <span class='ocrx_word' id='word_1_69' title='bbox 681 739 721 770; x_wconf 88' lang='lat' dir='ltr'>et</span> <span class='ocrx_word' id='word_1_70' title='bbox 765 727 807 770; x_wconf 95' lang='lat' dir='ltr'>D</span> <span class='ocrx_word' id='word_1_71' title='bbox 849 739 1049 782; x_wconf 72' lang='lat' dir='ltr'>tangentes</span> <span class='ocrx_word' id='word_1_72' title='bbox 1089 728 1164 771; x_wconf 89' lang='lat' dir='ltr'>BF</span> <span class='ocrx_word' id='word_1_73' title='bbox 1208 744 1248 773; x_wconf 88' lang='lat' dir='ltr'>et</span> <span class='ocrx_word' id='word_1_74' title='bbox 1289 732 1402 777; x_wconf 68' lang='lat' dir='ltr'>CD:</span> 
     </span>
    </p>
   </div>
   <div class='ocr_carea' id='block_1_4' title="bbox 97 793 1404 1603">
    <p class='ocr_par' dir='ltr' id='par_1_4' title="bbox 97 793 1404 1603">
     <span class='ocr_line' id='line_1_11' title="bbox 110 793 1402 850; baseline 0.002 -14"><span class='ocrx_word' id='word_1_75' title='bbox 110 794 185 836; x_wconf 86' lang='lat' dir='ltr'>hae</span> <span class='ocrx_word' id='word_1_76' title='bbox 218 793 451 834; x_wconf 79' lang='lat' dir='ltr'>denotabunt</span> <span class='ocrx_word' id='word_1_77' title='bbox 483 802 613 832; x_wconf 87' lang='lat' dir='ltr'>motus</span> <span class='ocrx_word' id='word_1_78' title='bbox 653 793 887 833; x_wconf 65' lang='lat' dir='ltr'>discetioncs</span> <span class='ocrx_word' id='word_1_79' title='bbox 919 807 993 846; x_wconf 92' lang='lat' dir='ltr'>pro</span> <span class='ocrx_word' id='word_1_80' title='bbox 1026 795 1162 834; x_wconf 78' lang='lat' dir='ltr'>iisdem</span> <span class='ocrx_word' id='word_1_81' title='bbox 1197 799 1347 850; x_wconf 65' lang='lat' dir='ltr'>punctis</span> <span class='ocrx_word' id='word_1_82' title='bbox 1367 799 1402 839; x_wconf 88' lang='lat' dir='ltr'>B</span> 
     </span>
     <span class='ocr_line' id='line_1_12' title="bbox 108 853 1403 914; baseline 0.004 -17"><span class='ocrx_word' id='word_1_83' title='bbox 108 867 148 897; x_wconf 88' lang='lat' dir='ltr'>et</span> <span class='ocrx_word' id='word_1_84' title='bbox 177 855 244 906; x_wconf 87' lang='lat' dir='ltr'>D,</span> <span class='ocrx_word' id='word_1_85' title='bbox 280 856 438 907; x_wconf 80' lang='lat' dir='ltr'>angulus</span> <span class='ocrx_word' id='word_1_86' title='bbox 470 867 566 895; x_wconf 88' lang='lat' dir='ltr'>vero</span> <span class='ocrx_word' id='word_1_87' title='bbox 598 853 686 895; x_wconf 88' lang='lat' dir='ltr'>DC</span> <span class='ocrx_word' id='word_1_88' title='bbox 698 857 728 896; x_wconf 88' lang='lat' dir='ltr'>F</span> <span class='ocrx_word' id='word_1_89' title='bbox 763 857 792 895; x_wconf 88' lang='lat' dir='ltr'>is</span> <span class='ocrx_word' id='word_1_90' title='bbox 823 856 905 908; x_wconf 85' lang='lat' dir='ltr'>est,</span> <span class='ocrx_word' id='word_1_91' title='bbox 938 869 1055 914; x_wconf 76' lang='lat' dir='ltr'>quem</span> <span class='ocrx_word' id='word_1_92' title='bbox 1089 870 1190 898; x_wconf 86' lang='lat' dir='ltr'>voco</span> <span class='ocrx_word' id='word_1_93' title='bbox 1233 861 1403 913; x_wconf 75' lang='lat' dir='ltr'>angulum</span> 
     </span>
     <span class='ocr_line' id='line_1_13' title="bbox 105 917 1404 977; baseline -0.002 -16"><span class='ocrx_word' id='word_1_94' title='bbox 105 926 270 961; x_wconf 82' lang='lat' dir='ltr'>mutatae</span> <span class='ocrx_word' id='word_1_95' title='bbox 304 919 527 959; x_wconf 67' lang='lat' dir='ltr'>direfflonls.</span> <span class='ocrx_word' id='word_1_96' title='bbox 592 917 652 957; x_wconf 89' lang='lat' dir='ltr'>Sit</span> <span class='ocrx_word' id='word_1_97' title='bbox 687 918 877 959; x_wconf 77' lang='lat' dir='ltr'>velocitas</span> <span class='ocrx_word' id='word_1_98' title='bbox 908 923 1083 972; x_wconf 82' lang='lat' dir='ltr'>corporis</span> <span class='ocrx_word' id='word_1_99' title='bbox 1115 933 1185 973; x_wconf 80' lang='lat' dir='ltr'>ea,</span> <span class='ocrx_word' id='word_1_100' title='bbox 1218 936 1313 975; x_wconf 90' lang='lat' dir='ltr'>quae</span> <span class='ocrx_word' id='word_1_101' title='bbox 1332 938 1404 977; x_wconf 85' lang='lat' dir='ltr'>ge-</span> 
     </span>
     <span class='ocr_line' id='line_1_14' title="bbox 105 982 1401 1035; baseline 0.004 -13"><span class='ocrx_word' id='word_1_102' title='bbox 105 992 259 1023; x_wconf 86' lang='lat' dir='ltr'>neratur</span> <span class='ocrx_word' id='word_1_103' title='bbox 291 982 396 1035; x_wconf 77' lang='lat' dir='ltr'>lapsu</span> <span class='ocrx_word' id='word_1_104' title='bbox 430 982 555 1022; x_wconf 87' lang='lat' dir='ltr'>libero</span> <span class='ocrx_word' id='word_1_105' title='bbox 593 993 663 1034; x_wconf 88' lang='lat' dir='ltr'>per</span> <span class='ocrx_word' id='word_1_106' title='bbox 696 982 942 1021; x_wconf 76' lang='lat' dir='ltr'>altitudinem</span> <span class='ocrx_word' id='word_1_107' title='bbox 962 983 1022 1022; x_wconf 92' lang='lat' dir='ltr'>A:</span> <span class='ocrx_word' id='word_1_108' title='bbox 1057 982 1152 1022; x_wconf 88' lang='lat' dir='ltr'>haec</span> <span class='ocrx_word' id='word_1_109' title='bbox 1172 995 1302 1025; x_wconf 87' lang='lat' dir='ltr'>autem</span> <span class='ocrx_word' id='word_1_110' title='bbox 1327 1000 1401 1027; x_wconf 86' lang='lat' dir='ltr'>ve-</span> 
     </span>
     <span class='ocr_line' id='line_1_15' title="bbox 103 1045 1400 1099; baseline 0.003 -13"><span class='ocrx_word' id='word_1_111' title='bbox 103 1045 240 1086; x_wconf 77' lang='lat' dir='ltr'>locitas</span> <span class='ocrx_word' id='word_1_112' title='bbox 275 1046 348 1085; x_wconf 88' lang='lat' dir='ltr'>erit</span> <span class='ocrx_word' id='word_1_113' title='bbox 381 1045 636 1098; x_wconf 80' lang='lat' dir='ltr'>exprimenda</span> <span class='ocrx_word' id='word_1_114' title='bbox 668 1057 741 1097; x_wconf 88' lang='lat' dir='ltr'>per</span> <span class='ocrx_word' id='word_1_115' title='bbox 773 1045 932 1096; x_wconf 73' lang='lat' dir='ltr'><strong>V2A,</strong></span> <span class='ocrx_word' id='word_1_116' title='bbox 968 1045 995 1084; x_wconf 87' lang='lat' dir='ltr'>fi</span> <span class='ocrx_word' id='word_1_117' title='bbox 1027 1048 1314 1099; x_wconf 84' lang='lat' dir='ltr'>tempusculum</span> <span class='ocrx_word' id='word_1_118' title='bbox 1335 1051 1400 1090; x_wconf 79' lang='lat' dir='ltr'>in-</span> 
     </span>
     <span class='ocr_line' id='line_1_16' title="bbox 103 1106 1395 1164; baseline 0.002 -16"><span class='ocrx_word' id='word_1_119' title='bbox 103 1109 253 1149; x_wconf 87' lang='lat' dir='ltr'>dicetur</span> <span class='ocrx_word' id='word_1_120' title='bbox 285 1123 305 1149; x_wconf 84' lang='lat' dir='ltr'>a</span> <span class='ocrx_word' id='word_1_121' title='bbox 344 1106 508 1161; x_wconf 74' lang='lat' dir='ltr'>spatiolo</span> <span class='ocrx_word' id='word_1_122' title='bbox 541 1106 665 1147; x_wconf 83' lang='lat' dir='ltr'>diuiso</span> <span class='ocrx_word' id='word_1_123' title='bbox 706 1119 778 1160; x_wconf 89' lang='lat' dir='ltr'>per</span> <span class='ocrx_word' id='word_1_124' title='bbox 820 1108 1092 1147; x_wconf 83' lang='lat' dir='ltr'>velocitatem:</span> <span class='ocrx_word' id='word_1_125' title='bbox 1143 1108 1327 1164; x_wconf 86' lang='lat' dir='ltr'>Denique</span> <span class='ocrx_word' id='word_1_126' title='bbox 1368 1113 1395 1153; x_wconf 85' lang='lat' dir='ltr'>fi</span> 
     </span>
     <span class='ocr_line' id='line_1_17' title="bbox 101 1169 1398 1227; baseline 0.002 -15"><span class='ocrx_word' id='word_1_127' title='bbox 101 1174 319 1225; x_wconf 78' lang='lat' dir='ltr'>potentiam</span> <span class='ocrx_word' id='word_1_128' title='bbox 357 1172 404 1211; x_wconf 88' lang='lat' dir='ltr'>ad</span> <span class='ocrx_word' id='word_1_129' title='bbox 424 1183 580 1210; x_wconf 73' lang='lat' dir='ltr'>curuum</span> <span class='ocrx_word' id='word_1_130' title='bbox 601 1169 961 1222; x_wconf 82' lang='lat' dir='ltr'>perpendicularem</span> <span class='ocrx_word' id='word_1_131' title='bbox 990 1171 1298 1224; x_wconf 82' lang='lat' dir='ltr'>multiplicemus</span> <span class='ocrx_word' id='word_1_132' title='bbox 1326 1187 1398 1227; x_wconf 85' lang='lat' dir='ltr'>per</span> 
     </span>
     <span class='ocr_line' id='line_1_18' title="bbox 101 1233 1396 1287; baseline 0.002 -12"><span class='ocrx_word' id='word_1_133' title='bbox 101 1236 385 1287; x_wconf 80' lang='lat' dir='ltr'>tempusculum</span> <span class='ocrx_word' id='word_1_134' title='bbox 404 1265 414 1284; x_wconf 88' lang='lat'><strong>‚</strong></span> <span class='ocrx_word' id='word_1_135' title='bbox 449 1233 677 1273; x_wconf 78' lang='lat' dir='ltr'>habebimus</span> <span class='ocrx_word' id='word_1_136' title='bbox 703 1235 908 1286; x_wconf 75' lang='lat' dir='ltr'>potentiam</span> <span class='ocrx_word' id='word_1_137' title='bbox 940 1239 1224 1275; x_wconf 73' lang='lat' dir='ltr'>momentaneam</span> <span class='ocrx_word' id='word_1_138' title='bbox 1256 1249 1396 1278; x_wconf 82' lang='lat' dir='ltr'>curuac</span> 
     </span>
     <span class='ocr_line' id='line_1_19' title="bbox 102 1295 1394 1349; baseline 0.004 -14"><span class='ocrx_word' id='word_1_139' title='bbox 102 1298 490 1349; x_wconf 72' lang='lat' dir='ltr'>perpendicularem,</span> <span class='ocrx_word' id='word_1_140' title='bbox 525 1306 634 1346; x_wconf 80' lang='lat' dir='ltr'>atque</span> <span class='ocrx_word' id='word_1_141' title='bbox 668 1295 694 1334; x_wconf 82' lang='lat' dir='ltr'>ss</span> <span class='ocrx_word' id='word_1_142' title='bbox 726 1297 860 1334; x_wconf 80' lang='lat' dir='ltr'>eadem</span> <span class='ocrx_word' id='word_1_143' title='bbox 895 1297 1068 1347; x_wconf 82' lang='lat' dir='ltr'>potentia</span> <span class='ocrx_word' id='word_1_144' title='bbox 1101 1296 1314 1338; x_wconf 84' lang='lat' dir='ltr'>resoluatur</span> <span class='ocrx_word' id='word_1_145' title='bbox 1353 1302 1394 1340; x_wconf 87' lang='lat' dir='ltr'>in</span> 
     </span>
     <span class='ocr_line' id='line_1_20' title="bbox 102 1357 1396 1410; baseline 0.003 -11"><span class='ocrx_word' id='word_1_146' title='bbox 102 1361 193 1399; x_wconf 81' lang='lat' dir='ltr'>duas</span> <span class='ocrx_word' id='word_1_147' title='bbox 224 1359 316 1398; x_wconf 79' lang='lat' dir='ltr'>alias</span> <span class='ocrx_word' id='word_1_148' title='bbox 348 1359 583 1398; x_wconf 74' lang='lat' dir='ltr'>coordinatis</span> <span class='ocrx_word' id='word_1_149' title='bbox 625 1357 824 1409; x_wconf 85' lang='lat' dir='ltr'>parallelas</span> <span class='ocrx_word' id='word_1_150' title='bbox 863 1367 902 1395; x_wconf 89' lang='lat' dir='ltr'>et</span> <span class='ocrx_word' id='word_1_151' title='bbox 943 1371 1018 1397; x_wconf 86' lang='lat' dir='ltr'>vna</span> <span class='ocrx_word' id='word_1_152' title='bbox 1059 1361 1213 1410; x_wconf 84' lang='lat' dir='ltr'>quaeuis</span> <span class='ocrx_word' id='word_1_153' title='bbox 1253 1364 1396 1403; x_wconf 83' lang='lat' dir='ltr'>multi-</span> 
     </span>
     <span class='ocr_line' id='line_1_21' title="bbox 100 1420 1392 1475; baseline 0.004 -14"><span class='ocrx_word' id='word_1_154' title='bbox 100 1423 265 1475; x_wconf 85' lang='lat' dir='ltr'>plicetur</span> <span class='ocrx_word' id='word_1_155' title='bbox 298 1434 366 1474; x_wconf 88' lang='lat' dir='ltr'>per</span> <span class='ocrx_word' id='word_1_156' title='bbox 398 1420 711 1472; x_wconf 80' lang='lat' dir='ltr'>tempusculum,</span> <span class='ocrx_word' id='word_1_157' title='bbox 742 1420 981 1460; x_wconf 83' lang='lat' dir='ltr'>obtinebitur</span> <span class='ocrx_word' id='word_1_158' title='bbox 1018 1425 1186 1474; x_wconf 75' lang='lat' dir='ltr'>potentia</span> <span class='ocrx_word' id='word_1_159' title='bbox 1232 1436 1392 1466; x_wconf 76' lang='lat' dir='ltr'>momen-</span> 
     </span>
     <span class='ocr_line' id='line_1_22' title="bbox 97 1482 1390 1540; baseline 0.002 -15"><span class='ocrx_word' id='word_1_160' title='bbox 97 1492 211 1525; x_wconf 76' lang='lat' dir='ltr'>tanea</span> <span class='ocrx_word' id='word_1_161' title='bbox 243 1484 284 1523; x_wconf 92' lang='lat' dir='ltr'>in</span> <span class='ocrx_word' id='word_1_162' title='bbox 317 1483 530 1523; x_wconf 51' lang='lat' dir='ltr'>directione</span> <span class='ocrx_word' id='word_1_163' title='bbox 562 1483 645 1522; x_wconf 84' lang='lat' dir='ltr'>axis</span> <span class='ocrx_word' id='word_1_164' title='bbox 675 1492 739 1522; x_wconf 89' lang='lat' dir='ltr'>aut</span> <span class='ocrx_word' id='word_1_165' title='bbox 768 1484 806 1522; x_wconf 87' lang='lat' dir='ltr'>in</span> <span class='ocrx_word' id='word_1_166' title='bbox 839 1482 1056 1522; x_wconf 60' lang='lat' dir='ltr'>directione</span> <span class='ocrx_word' id='word_1_167' title='bbox 1085 1485 1131 1523; x_wconf 90' lang='lat' dir='ltr'>ad</span> <span class='ocrx_word' id='word_1_168' title='bbox 1153 1498 1268 1526; x_wconf 83' lang='lat' dir='ltr'>axem</span> <span class='ocrx_word' id='word_1_169' title='bbox 1298 1501 1390 1540; x_wconf 49' lang='lat' dir='ltr'>per*</span> 
     </span>
     <span class='ocr_line' id='line_1_23' title="bbox 97 1544 1390 1603; baseline 0.004 -17"><span class='ocrx_word' id='word_1_170' title='bbox 97 1547 349 1601; x_wconf 79' lang='lat' dir='ltr'>pendiculari.</span> <span class='ocrx_word' id='word_1_171' title='bbox 417 1545 487 1585; x_wconf 84' lang='lat' dir='ltr'>His</span> <span class='ocrx_word' id='word_1_172' title='bbox 520 1544 731 1598; x_wconf 82' lang='lat' dir='ltr'>praemiffis</span> <span class='ocrx_word' id='word_1_173' title='bbox 763 1544 912 1586; x_wconf 89' lang='lat' dir='ltr'>facilius</span> <span class='ocrx_word' id='word_1_174' title='bbox 942 1558 1043 1586; x_wconf 88' lang='lat' dir='ltr'>nunc</span> <span class='ocrx_word' id='word_1_175' title='bbox 1077 1547 1390 1603; x_wconf 85' lang='lat' dir='ltr'>eritintelligere</span> 
     </span>
    </p>
   </div>
   <div class='ocr_carea' id='block_1_5' title="bbox 97 1608 623 1664">
    <p class='ocr_par' dir='ltr' id='par_1_5' title="bbox 97 1608 623 1664">
     <span class='ocr_line' id='line_1_24' title="bbox 97 1608 623 1664; baseline -0.006 -14"><span class='ocrx_word' id='word_1_176' title='bbox 97 1609 296 1664; x_wconf 79' lang='lat' dir='ltr'>sequentes</span> <span class='ocrx_word' id='word_1_177' title='bbox 326 1608 623 1664; x_wconf 85' lang='lat' dir='ltr'>propofitiones.</span> 
     </span>
    </p>
   </div>
   <div class='ocr_carea' id='block_1_6' title="bbox 91 1699 1385 2036">
    <p class='ocr_par' dir='ltr' id='par_1_6' title="bbox 550 1699 906 1759">
     <span class='ocr_line' id='line_1_25' title="bbox 550 1699 906 1759; baseline 0 0"><span class='ocrx_word' id='word_1_178' title='bbox 550 1700 613 1759; x_wconf 88' lang='lat' dir='ltr'><strong>T</strong></span> <span class='ocrx_word' id='word_1_179' title='bbox 619 1699 906 1759; x_wconf 79' lang='lat' dir='ltr'>heorema.</span> 
     </span>
    </p>

    <p class='ocr_par' dir='ltr' id='par_1_7' title="bbox 91 1782 1385 2036">
     <span class='ocr_line' id='line_1_26' title="bbox 214 1782 1385 1848; baseline 0.003 -17"><span class='ocrx_word' id='word_1_180' title='bbox 214 1782 252 1831; x_wconf 67' lang='lat'>5.</span> <span class='ocrx_word' id='word_1_181' title='bbox 287 1800 330 1838; x_wconf 91' lang='lat'>7.</span> <span class='ocrx_word' id='word_1_182' title='bbox 360 1787 608 1848; x_wconf 73' lang='lat' dir='ltr'>Quaecunque</span> <span class='ocrx_word' id='word_1_183' title='bbox 627 1790 684 1845; x_wconf 85' lang='lat' dir='ltr'>fit</span> <span class='ocrx_word' id='word_1_184' title='bbox 713 1790 782 1829; x_wconf 84' lang='lat' dir='ltr'>via</span> <span class='ocrx_word' id='word_1_185' title='bbox 812 1789 1001 1843; x_wconf 81' lang='lat' dir='ltr'>corporis,</span> <span class='ocrx_word' id='word_1_186' title='bbox 1041 1790 1115 1831; x_wconf 84' lang='lat' dir='ltr'>erit</span> <span class='ocrx_word' id='word_1_187' title='bbox 1133 1785 1282 1845; x_wconf 68' lang='lat' dir='ltr'>meper</span> <span class='ocrx_word' id='word_1_188' title='bbox 1309 1800 1385 1847; x_wconf 82' lang='lat' dir='ltr'>pro</span> 
     </span>
     <span class='ocr_line' id='line_1_27' title="bbox 91 1851 1384 1907; baseline 0.003 -14"><span class='ocrx_word' id='word_1_189' title='bbox 91 1853 221 1894; x_wconf 83' lang='lat' dir='ltr'>eadem</span> <span class='ocrx_word' id='word_1_190' title='bbox 251 1852 444 1894; x_wconf 83' lang='lat' dir='ltr'>velocitate</span> <span class='ocrx_word' id='word_1_191' title='bbox 473 1853 662 1906; x_wconf 81' lang='lat' dir='ltr'>eodemque</span> <span class='ocrx_word' id='word_1_192' title='bbox 693 1851 821 1904; x_wconf 83' lang='lat' dir='ltr'>angulo</span> <span class='ocrx_word' id='word_1_193' title='bbox 851 1859 1015 1893; x_wconf 79' lang='lat' dir='ltr'>mutatae</span> <span class='ocrx_word' id='word_1_194' title='bbox 1047 1854 1280 1907; x_wconf 67' lang='lat' dir='ltr'>direcfi&#39;ionis‚</span> <span class='ocrx_word' id='word_1_195' title='bbox 1311 1869 1384 1897; x_wconf 84' lang='lat' dir='ltr'>ea-</span> 
     </span>
     <span class='ocr_line' id='line_1_28' title="bbox 91 1912 1382 1970; baseline 0.002 -12"><span class='ocrx_word' id='word_1_196' title='bbox 91 1917 172 1958; x_wconf 85' lang='lat' dir='ltr'>dem</span> <span class='ocrx_word' id='word_1_197' title='bbox 193 1912 340 1969; x_wconf 85' lang='lat' dir='ltr'>summa</span> <span class='ocrx_word' id='word_1_198' title='bbox 374 1918 525 1957; x_wconf 82' lang='lat' dir='ltr'>omnium</span> <span class='ocrx_word' id='word_1_199' title='bbox 550 1918 796 1970; x_wconf 74' lang='lat' dir='ltr'>potentiarum</span> <span class='ocrx_word' id='word_1_200' title='bbox 831 1923 1160 1962; x_wconf 72' lang='lat' dir='ltr'>momentanearum</span> <span class='ocrx_word' id='word_1_201' title='bbox 1206 1918 1262 1959; x_wconf 86' lang='lat' dir='ltr'>ad</span> <span class='ocrx_word' id='word_1_202' title='bbox 1292 1931 1382 1961; x_wconf 56' lang='lat' dir='ltr'>cur«</span> 
     </span>
     <span class='ocr_line' id='line_1_29' title="bbox 91 1979 577 2036; baseline -0.002 -14"><span class='ocrx_word' id='word_1_203' title='bbox 91 1992 176 2022; x_wconf 85' lang='lat' dir='ltr'>uam</span> <span class='ocrx_word' id='word_1_204' title='bbox 205 1979 577 2036; x_wconf 80' lang='lat' dir='ltr'>perpendicularium.</span> 
     </span>
    </p>
   </div>
   <div class='ocr_carea' id='block_1_7' title="bbox 1283 2072 1375 2118">
    <p class='ocr_par' dir='ltr' id='par_1_8' title="bbox 1283 2072 1375 2118">
     <span class='ocr_line' id='line_1_30' title="bbox 1283 2072 1375 2118; baseline -0.022 0"><span class='ocrx_word' id='word_1_205' title='bbox 1283 2072 1375 2118; x_wconf 86' lang='lat' dir='ltr'>De-</span> 
     </span>
    </p>
   </div>
  </div>
 </body>
</html>
