1941 2674
387 1184 487 1223 figura
512 1194 535 1214 1.

553 76 636 104 102
663 62 744 104 DE
779 60 1022 104 LEGIBJ‘S
1060 58 1415 118 QVIBVSDAM
1454 58 1830 101 MECHANICIS

547 189 638 218 eunt
670 192 691 217 a
724 177 977 230 percussione:
1011 187 1148 217 notum
1169 176 1275 215 enim
1297 186 1395 213 nunc
1425 173 1478 212 est
1504 174 1713 226 omnibus,
1746 188 1835 228 per·

546 241 752 280 cmlionem
787 240 887 279 aliud
924 254 1002 279 non
1023 240 1093 278 effe
1110 270 1119 287 ,
1155 251 1269 291 quam
1299 238 1496 287 ingentem
1517 238 1747 288 pressionem
1768 239 1838 277 ad-

546 305 710 343 modum
747 314 881 354 parum
915 304 1130 341 durantem.
1196 299 1299 339 Cum
1333 299 1461 351 itaque
1496 300 1720 339 directionis
1748 312 1839 339 mu-

546 366 643 404 tatio
675 365 837 416 :ui-aloga
869 364 914 404 lit
947 377 1035 403 cum
1065 372 1195 403 motus
1212 362 1488 415 generatione,
1523 374 1543 400 e
1564 374 1605 400 re
1633 363 1707 401 erit
1726 362 1838 402 vuius

547 427 763 468 mensuram
799 427 846 466 ad
883 427 1045 466 alteram
1080 427 1286 475 reducere,
1320 436 1398 477 quo
1435 423 1517 476 ipso
1537 424 1759 479 videbimus
1778 424 1839 464 le-

547 502 640 542 ges,
675 503 765 541 quas
798 499 933 529 natura
966 490 1050 541 post
1073 498 1236 528 mutatas
1256 497 1448 539 vtcunque
1474 487 1513 525 in
1530 499 1694 541 corpore
1721 496 1838 537 mQto

548 552 775 593 directiones
806 551 1101 592 constantiffime
1133 549 1317 604 sequatur.

695 645 878 686 Direc‘tio
919 656 1049 686 autem
1092 646 1132 684 in
1175 657 1341 697 corpore
1382 652 1555 684 mutatur
1594 643 1660 684 vel
1699 643 1843 687 seruata

553 710 692 751 eadem
728 709 876 762 semper
907 710 1116 749 velocitate
1151 708 1215 746 vel
1256 707 1391 746 eadem
1433 715 1625 760 vtcunque
1675 717 1837 749 mutata.

553 771 745 825 Incipiam
780 784 800 810 a
833 771 916 811 casu
947 772 1070 825 priori
1102 780 1142 810 et
1173 770 1347 823 quamuis
1380 768 1550 809 infinitae
1584 771 1750 810 omnino
1769 771 1841 812 sint

553 839 682 875 caulae
717 833 988 885 mechanicae,
1023 846 1118 888 quae
1152 845 1294 885 corpus
1336 845 1358 871 a
1399 832 1463 871 via
1507 832 1613 872 rec'ta
1657 834 1842 875 continue

553 898 760 937 deflectere
802 896 963 948 polluit,
1004 909 1083 936 non
1123 896 1335 947 interrupta
1377 904 1506 934 motus
1548 894 1843 948 vniformitate‚

553 970 724 999 attamen
758 970 832 997 vna
866 960 975 998 nobis
1007 960 1081 998 erit
1112 958 1224 997 instar
1259 958 1466 1008 omnium,
1508 958 1635 997 modo
1675 958 1761 999 data
1803 967 1844 998 et

555 1022 785 1075 praescripta
820 1021 883 1060 via
915 1023 1088 1074 corporis
1120 1019 1352 1060 adhibeatur.

673 1111 708 1157 ξ.
746 1121 788 1154 6.
828 1116 950 1167 Igitur
982 1115 1175 1167 fingemus
1203 1114 1310 1168 super
1342 1112 1468 1153 tabula
1501 1113 1742 1154 horizontali
1783 1127 1848 1156 ca-

561 1178 690 1218 nalem
724 1179 809 1218 data
845 1180 930 1230 lege
964 1179 1203 1218 incuruatum
1237 1175 1339 1226 BD,
1373 1176 1420 1216 ad
1459 1178 1564 1216 cuius
1595 1178 1715 1217 latera
1750 1190 1845 1217 cor-

559 1253 629 1294 pus
662 1250 877 1281 moueatur.
943 1239 1006 1279 Sic
1040 1242 1191 1293 Vtrique
1224 1238 1377 1280 satisfiet
1418 1240 1666 1292 conditioni3
1703 1251 1846 1293 corpus

560 1316 706 1356 nempe
765 1304 1018 1343 velocitatem
1083 1302 1245 1342 seruabit
1302 1301 1544 1342 vniformem
1577 1332 1589 1353 ,
1660 1302 1847 1356 simulque

560 1365 831 1419 praescriptam
877 1377 1067 1418 nunquam
1112 1364 1257 1404 deseret
1299 1364 1421 1403 viam.
1485 1364 1561 1404 Hic
1603 1364 1686 1404 sunt
1726 1365 1846 1407 latera

562 1429 728 1479 canalis,
762 1441 858 1482 quae
889 1440 1026 1481 corpus
1065 1441 1086 1468 a
1127 1428 1193 1468 via
1234 1426 1338 1467 rec'ta
1381 1436 1570 1480 perpetuo
1611 1427 1847 1481 deflectunt,

561 1490 643 1530 nisu
675 1493 723 1531 ad
754 1504 908 1531 curnam
943 1490 1274 1544 perpendiculari,
1307 1499 1505 1542 tantusque
1536 1490 1590 1530 est
1622 1491 1719 1530 nisus
1752 1492 1844 1542 iste,

560 1565 699 1606 quanta
730 1554 888 1607 corpori
921 1554 1014 1593 inest
1045 1553 1104 1593 vis
1138 1552 1372 1605 centrifuga‚
1404 1561 1443 1592 et
1461 1560 1564 1592 tanta
1584 1565 1737 1606 quoque
1756 1567 1849 1594 cen-

560 1616 671 1656 senda
705 1617 758 1656 est
789 1618 989 1670 potentia,
1020 1628 1115 1668 quae
1149 1628 1288 1669 corpus
1319 1615 1687 1669 perpendiculariter
1721 1617 1770 1658 ad
1788 1617 1849 1659 di-

562 1679 780 1719 rectionem
814 1690 944 1719 motus
981 1679 1185 1732 propellat.

677 1741 933 1794 Opportunus
965 1740 1029 1780 hic
1061 1741 1247 1781 monendi
1282 1741 1390 1782 locus
1420 1741 1498 1793 est,
1535 1753 1615 1781 non
1647 1741 1724 1782 fine
1770 1742 1849 1784 cir-

565 1803 875 1856 eumfpefflone,
911 1804 1127 1857 potentiam
1164 1817 1304 1857 corpus
1335 1818 1356 1845 a
1398 1805 1460 1845 via
1506 1805 1612 1844 reeca
1653 1804 1851 1846 declinan-

567 1875 675 1917 tem,
707 1867 982 1906 aestimandam
1016 1868 1110 1917 effe,
1142 1877 1421 1921 proptereaque
1451 1866 1555 1907 reste
1573 1867 1854 1921 distinguendas

567 1929 614 1968 ab
648 1930 816 1969 inuicem
849 1928 924 1970 effe
957 1931 1149 1982 potentias
1179 1932 1228 1971 ad
1263 1931 1503 1984 propositum
1529 1929 1650 1971 finem
1669 1931 1784 1971 Vtiles
1803 1931 1850 1971 ab

567 1991 781 2033 inutilibus:
817 1991 861 2033 In
894 1992 1079 2047 praesenti
1110 2003 1238 2035 autem
1271 1992 1379 2048 casu,
1412 2006 1499 2035 rem
1531 1994 1636 2036 reste
1674 2006 1696 2035 a
1738 1993 1853 2034 nobis

1739 2056 1849 2098 deci-
