1941 2674
145 54 230 97 AD
261 52 666 98 GEOMETRIAM
697 53 864 99 strrs
895 54 1296 101 PERTINENTIS.
1324 71 1410 110 139

241 174 275 222 §.
316 186 385 222 19.
422 173 622 213 Praeterea
656 173 682 213 fr
713 173 788 212 duo
822 183 971 213 tantum
1005 176 1158 214 numeri
1192 176 1329 215 litteris
1356 175 1410 226 A,

123 234 182 283 B,
206 236 240 277 C
275 246 350 275 etc.
385 237 559 288 adscripti
595 238 734 275 tuerint
768 236 960 289 impares,
996 239 1133 290 reliqui
1157 250 1255 278 vcro
1277 250 1415 278 omnes

122 312 255 351 pares,
290 310 372 338 tum
408 299 556 351 semper
588 299 815 339 desideratus
847 301 1016 339 transitus
1048 301 1244 351 succedet,
1278 301 1301 341 si
1323 314 1416 341 mo-

119 363 174 401 do
209 363 334 401 cursus
369 373 420 401 ex
456 364 616 414 regione
650 363 696 403 ad
729 375 844 415 quam
880 364 1060 415 pontium
1104 377 1231 416 impar
1271 376 1414 404 nume—

121 436 184 464 rus
220 425 343 464 tendit
381 425 600 477 incipiatur.
671 424 713 465 Si
747 426 853 464 enim
888 438 996 478 pares
1040 428 1192 466 numeri
1237 425 1413 466 bisecen-

119 496 180 526 tur
212 497 323 540 atquc
356 489 475 527 etiam
514 488 680 540 impares
714 488 860 525 vnitate
893 488 997 527 auc‘ti
1019 515 1030 536 ‚
1065 490 1121 528 vti
1159 500 1410 543 praeceptum

119 550 194 598 est,
231 550 379 590 summa
413 550 550 589 harum
583 550 837 589 medietatum
872 550 1019 589 vnit-ate
1052 551 1125 590 erit
1146 553 1274 592 maior
1292 565 1408 605 quam

119 624 300 653 numerus
333 614 538 666 pontium,
573 612 740 664 ideoque
771 611 938 663 aequalis
969 613 1038 665 ipsi
1080 625 1250 653 vnurnero
1295 626 1412 667 prae-

119 675 218 715 fixo.
285 676 351 716 Ex
382 675 533 727 hocque
566 686 687 727 porro
718 672 960 726 perspicitur,
994 675 1019 715 si
1054 686 1219 729 quatuor
1251 678 1315 717 vel
1343 676 1409 718 sex

118 739 183 778 vel
217 739 308 778 oc'to
340 748 413 778 ete.
448 736 588 776 fuerint
621 737 774 776 numeri
807 737 975 789 impares
1014 739 1054 779 in
1096 738 1257 779 secunda
1296 739 1409 781 colu-

120 813 237 853 mna,
275 810 356 841 tum
390 800 583 839 summam
619 811 874 839 numerorum
911 802 1047 841 tertiae
1080 801 1287 843 columnae
1320 815 1410 844 ma-

116 865 244 904 iorem
284 864 367 903 fore
410 874 573 902 numero
610 862 816 916 praefix0,
868 876 1036 917 eumque
1095 866 1286 906 excedere
1344 865 1408 907 vel

114 927 288 977 vnitate‚
319 926 384 967 vel
417 926 569 966 binario
601 925 666 967 vel
700 926 869 967 ternario
889 937 966 969 etc.
1001 939 1040 969 et
1072 928 1218 970 idcirco
1236 929 1406 971 transitus

114 988 202 1030 fieri
240 990 385 1043 nequit.

229 1108 260 1156 §.
300 1119 371 1146 20.
405 1105 502 1148 Casu
537 1118 634 1159 ergo
665 1117 891 1160 quocunque
933 1105 1135 1160 proposito
1177 1107 1303 1148 statim
1345 1107 1403 1150 fa-

111 1168 262 1210 cillime
305 1171 450 1224 poterit
490 1169 695 1222 cognosci,
755 1180 887 1210 vtrum
929 1169 1104 1209 transitus
1143 1182 1216 1223 per
1265 1183 1403 1212 omnes

113 1242 252 1284 pontes
283 1233 401 1274 semel
435 1233 575 1273 institui
608 1243 721 1286 queat
752 1246 801 1273 an
832 1245 940 1284 non,
973 1245 1051 1286 ope
1086 1231 1199 1273 huius
1230 1235 1399 1287 regulae.

110 1293 157 1334 Si
189 1295 329 1335 fuerint
364 1296 491 1349 plures
523 1296 664 1335 duabus
701 1296 904 1347 regiones,
946 1296 994 1335 ad
1038 1307 1130 1348 quas
1172 1296 1401 1338 ducentium

114 1358 292 1409 pontium
327 1371 508 1398 numerus
537 1358 590 1397 est
621 1359 770 1410 impar,
806 1367 888 1397 tum
921 1367 1031 1397 certo
1052 1357 1238 1399 affirmati
1258 1360 1400 1414 potest,

114 1420 234 1463 talem
270 1421 471 1461 transrtum
491 1433 570 1460 non
590 1421 683 1460 dari.
748 1420 796 1461 Si
815 1430 944 1460 autem
970 1421 1018 1460 ad
1048 1422 1138 1461 duas
1164 1430 1313 1463 tantum
1333 1435 1400 1477 re-

112 1483 251 1535 giones
267 1484 491 1524 ducentium
511 1484 691 1536 pontium
712 1496 895 1524 numerus
912 1483 965 1523 est
982 1484 1134 1537 impar,
1158 1494 1248 1525 tunc
1274 1495 1400 1526 trans..

111 1546 185 1585 itus
201 1545 286 1586 fieri
308 1547 467 1600 poterit,
501 1547 528 1586 s1
547 1547 669 1586 modo
688 1546 812 1587 cursus
831 1547 870 1586 in
890 1545 1012 1586 altera
1031 1546 1166 1587 harum
1188 1549 1397 1601 regionum

112 1608 330 1661 incipiatur.
396 1608 436 1650 Si
478 1609 642 1662 denique
683 1609 786 1650 nulla
829 1610 997 1649 omnino
1039 1608 1152 1650 fuerit
1182 1612 1316 1664 regio,
1351 1612 1399 1654 ad

110 1683 229 1724 quam
261 1681 402 1725 pontes
433 1684 600 1712 numero
633 1673 801 1725 impares
833 1673 1076 1723 conducant,
1109 1681 1192 1713 tum
1223 1674 1398 1716 transitus

109 1734 323 1775 desiderato
355 1735 477 1775 modo
510 1734 652 1775 institui
689 1736 858 1788 poterit,
891 1736 931 1775 in
971 1747 1196 1789 quacunque
1237 1738 1399 1791 regione

112 1797 334 1838 ambulandi
375 1799 527 1838 initium
572 1808 753 1851 ponatur.
839 1797 922 1839 Hac
974 1798 1092 1852 igitur
1133 1800 1221 1840 data
1262 1800 1398 1855 regula

110 1860 347 1914 problemati
378 1862 577 1916 proposito
612 1860 826 1915 pleniffime
858 1860 1003 1902 satisfit.

670 2047 698 2091 S
735 2061 759 2088 2
1251 2052 1284 2101 §-
1323 2062 1392 2092 21.
