1941 2674
407 64 697 112 ORIGINES
728 63 1028 112 RVSSICAE.
1264 81 1321 119 42
1327 80 1354 117 9

74 184 249 223 maxime
272 184 424 225 extulit}
461 195 604 226 tantum
633 185 737 224 vnius
753 185 930 237 Principis
956 185 1010 224 vis
1035 182 1079 223 ad
1107 183 1355 225 muniendum

71 248 350 300 ornandumque
387 248 517 288 statum
558 248 746 302 publicum
780 248 914 301 potest.
982 246 1086 287 Inter
1114 249 1257 299 primos
1288 248 1357 287 lese

72 311 262 357 extulere,
294 311 393 363 quod
428 313 577 365 quidem
614 312 802 351 memori-‚1
830 321 1020 359 tenemus,
1054 308 1226 364 Bulgari‚
1262 321 1359 363 quo-

73 385 157 414 rum
193 373 405 414 Archontes
436 372 584 415 Graeco
618 375 891 425 Byzantiorum
936 372 1122 412 vocabulo
1140 405 1150 424 ‚
1190 374 1286 413 adeo
1321 380 1359 413 et

72 436 208 475 viribus
234 437 425 476 valuerunt
445 448 482 478 et
510 439 754 486 atld'toritzlte,
786 448 828 477 vt
852 446 891 475 et
917 431 1135 491 α’ᾱχόνἿων
1164 445 1202 476 et
1227 436 1358 491 άᾶχι-

73 493 279 550 ζεπάνων
308 501 461 541 nomina
490 501 713 554 despicerent
738 511 910 552 regesque
939 501 1016 539 dici
1044 500 1211 539 mallent.
1279 498 1363 549 Byv-

75 562 186 600 zantii
206 593 216 610 ‚
259 572 301 601 vt
337 573 440 602 erant
473 564 576 603 astuti
600 594 610 613 ‚
654 561 805 617 Ρῆγας
832 564 958 602 dixere
985 561 1123 601 Latino
1148 562 1358 611 vocabulo,

76 636 123 663 ne
149 621 355 673 Βασιλέως
387 637 527 665 nomen
557 627 761 678 vulgarent.
827 626 882 665 At
907 624 1079 675 Symeon
1115 638 1181 665 rex
1209 626 1361 666 Roma-

77 698 128 725 no
156 686 357 740 Lacapeno
383 690 589 741 imperante
624 701 707 728 rem
740 700 789 727 eo
823 689 998 741 perduxit
1024 697 1064 727 vt
1091 697 1128 727 et
1154 683 1360 735 Βασιλέως

76 750 202 790 titulus
235 750 299 790 fibi
337 751 552 791 tribueretur
577 761 615 790 et
640 751 805 791 summae
834 751 1028 790 maiestatis
1064 751 1236 791 diadema
1271 762 1360 790 cum

76 813 180 852 tiara.
246 812 379 863 Neque
407 814 528 852 minus
556 814 778 865 principatus
803 811 949 852 honore
977 822 1083 863 atque
1107 812 1362 864 amplitudine

76 876 275 927 regionum
311 875 569 915 excelluerunt
612 874 766 915 Mor-aui
784 905 794 924 ‚
851 873 1086 915 Marahenses
1131 875 1365 928 scriptoribus

79 937 279 986 Francicis,
314 936 581 978 Bohemorum
603 939 787 988 maiores,
821 937 941 977 donec
967 936 1139 977 immiffis
1156 938 1288 977 Tuscis
1315 939 1362 977 ab

77 1000 288 1053 Arnolpho
316 998 419 1054 Imp.
451 1000 614 1054 oppreffi
641 1000 730 1040 sunt.
809 998 850 1042 Si
876 1000 1031 1042 Ruricus
1057 1000 1199 1053 primus
1225 1001 1365 1042 Rusio-

76 1076 163 1104 rum
190 1075 259 1103 rex
285 1063 351 1103 suit
370 1094 380 1111 ‚
421 1065 546 1116 paullo
573 1071 656 1104 ante
684 1075 772 1104 eum
796 1094 806 1112 ‚
843 1064 945 1104 annis
972 1063 1179 1104 admodum
1207 1063 1363 1116 viginti,

77 1128 246 1181 primum
296 1127 508 1180 Principem
558 1127 720 1167 Piastum
763 1126 898 1166 Poloni
945 1125 1116 1166 habuere.
1213 1126 1268 1166 Et
1307 1126 1365 1166 isti

76 1191 229 1243 quidem
271 1190 346 1229 duo
390 1198 474 1229 ante
515 1190 675 1230 Piastum
721 1188 834 1229 secula
874 1189 1098 1242 principibus
1137 1188 1363 1243 complent,

77 1254 137 1293 led
167 1263 245 1292 tam
272 1252 408 1292 incerta
438 1252 535 1303 fide,
563 1263 606 1293 vt
632 1251 748 1292 nullus
773 1253 816 1293 fit
842 1264 996 1302 eorum,
1023 1265 1138 1304 quem
1166 1264 1243 1292 non
1273 1264 1364 1292 mo-

80 1328 167 1356 uere
201 1316 289 1355 loco
324 1314 544 1355 firmissimis
578 1315 776 1355 ratiociniis
803 1314 927 1368 poffis.
991 1312 1134 1356 Saltem
1163 1315 1362 1355 duodecim

80 1379 331 1420 palatinorum
361 1380 548 1418 memori-„1
576 1378 787 1431 incorrupta
815 1378 982 1427 videtur,
1017 1378 1065 1419 fic
1093 1387 1137 1418 vt
1162 1378 1363 1418 duodecim

79 1438 277 1495 Zupaniae
323 1441 456 1480 fiierint
497 1451 582 1482 ante
618 1453 718 1493 reges
751 1450 790 1480 et
824 1442 869 1481 ad
904 1440 1070 1482 formam
1105 1441 1159 1481 rei
1194 1440 1365 1495 publicae

81 1502 329 1544 Clu-obaticae
349 1501 512 1557 Zupani.
548 1506 602 1545 At
628 1517 714 1544 cum
730 1534 740 1552 ‚
768 1512 810 1543 vt
836 1503 910 1543 alio
937 1504 1060 1544 dicam
1091 1503 1203 1554 loco,
1231 1515 1368 1557 regum

83 1567 320 1610 Rufficorum
350 1568 464 1620 longe
493 1569 603 1607 altior
629 1577 725 1607 aetas
748 1561 1043 1608 ante’Ruricum
1071 1567 1181 1619 surgit
1207 1578 1258 1607 ex
1284 1578 1366 1606 cer-

83 1631 127 1672 tis
160 1630 310 1670 istarum
348 1639 511 1670 aetatum
549 1641 623 1670 non
657 1630 766 1670 vnius
791 1630 907 1682 gentis
936 1630 1161 1670 testimoniis
1179 1660 1190 1680 ‚
1243 1629 1368 1670 multo

83 1695 199 1734 etiam
233 1692 416 1744 antiquior
447 1693 499 1732 est
533 1693 654 1733 forma
680 1691 845 1735 Roffiaci
876 1693 1116 1747 principatus,
1150 1705 1264 1745 quam
1293 1693 1366 1733 Po-

82 1756 211 1796 lonici.
276 1755 330 1795 Et
362 1756 518 1796 istorum
551 1768 686 1808 regum
721 1764 804 1795 ante
833 1755 1013 1797 Ruricum
1049 1764 1151 1796 tanta
1179 1754 1246 1795 fuit
1281 1768 1367 1796 ma-

85 1819 211 1868 iestas,
244 1827 286 1857 vt
315 1818 458 1858 restibus
484 1819 689 1859 Annalibus
715 1816 956 1868 Bertinianis,
993 1819 1201 1871 postremus
1233 1829 1369 1859 eorum

85 1882 119 1920 {e
145 1882 407 1933 nuncupauerit
435 1885 552 1942 vbis
583 1880 758 1922 Chaekan.
823 1880 1047 1922 Hunnorum
1074 1894 1176 1934 reges
1203 1881 1271 1920 illo
1298 1882 1367 1921 sese

87 1945 195 1985 titulo
221 1944 432 1984 extulerunt
451 1975 462 1992 ‚
507 1954 549 1984 vt
574 1957 622 1984 ex
649 1944 863 1984 Menandro
890 1945 1104 1985 Protestore
1129 1944 1270 1984 constat
1287 1943 1369 2000 (p),

665 2006 704 2046 H
722 2006 749 2046 h
767 2006 794 2046 h
832 2020 855 2056 3
1320 2018 1368 2047 ne

229 2086 286 2125 (p)
310 2086 339 2117 ln
354 2087 551 2125 Legationibus
567 2095 596 2126 p.
619 2096 683 2125 ¹¹7·
705 2076 842 2124 138.—ed.7
853 2085 927 2124 Ree.
