1941 2674
435 533 843 786 mcv}
868 610 1025 708 vs

191 832 540 895 TRVNCO
591 831 930 891 ARBORIS
968 831 1284 905 ENATIS‚

611 944 850 984 AVCTORE

647 1017 694 1075 Ι.
734 1017 810 1074 Α.

289 1205 370 1234 nno
410 1204 517 1244 1735
565 1192 668 1235 Iulio
702 1192 832 1234 mense
864 1193 1002 1234 Ficum
1033 1190 1261 1245 vulgarem,
1295 1185 1572 1259 l1o-TF21b'ffix'0

321 1258 438 1297 minis
504 1258 657 1297 circiter
712 1258 957 1297 altitudinem
1021 1255 1227 1297 assecutam
1248 1284 1261 1304 ‚
1321 1269 1375 1300 ex
1436 1238 1454 1267 g
1525 1238 1555 1264 ε’

320 1320 474 1360 Aestiua
509 1320 712 1373 Imperiali
745 1319 953 1360 Peterhoff
979 1328 1144 1370 vocata,
1196 1319 1262 1359 vbi
1304 1333 1374 1374 per

317 1383 467 1436 aliquot
499 1395 619 1423 annos
650 1383 752 1423 culta
784 1383 878 1434 fuit,
912 1382 987 1423 huc
1023 1380 1177 1423 missam
1218 1385 1374 1437 accepi-

88 1456 198 1495 muS‚
241 1457 292 1485 ex
343 1447 450 1486 cuius
500 1447 655 1487 caudice
708 1458 808 1486 mox
858 1445 964 1500 supra
1014 1446 1186 1489 radicem
1236 1456 1372 1486 enatae

85 1507 170 1548 sunt
205 1507 300 1549 ficus
331 1519 432 1560 tres,
465 1510 672 1550 communi
704 1510 920 1562 pedunculo
962 1510 1097 1560 breui,
1141 1507 1292 1561 lignoso
1332 1520 1373 1550 et

84 1568 206 1611 crasso
248 1573 472 1624 insidentes,
517 1573 677 1622 virides,
719 1573 803 1612 aliis
834 1573 1003 1613 eiusdem
1038 1572 1186 1612 arboris
1228 1572 1269 1611 in
1308 1585 1373 1623 ra·

85 1635 163 1674 mis
196 1646 246 1674 ex
279 1636 348 1675 alis
379 1636 563 1676 foliorum
604 1634 787 1675 consueto
833 1637 956 1676 modo
998 1635 1233 1675 nascentibus
1281 1648 1373 1688 per-

84 1695 182 1736 fecte
215 1698 381 1748 ssmiles,
415 1699 484 1739 nisi
521 1699 625 1752 quod
658 1698 734 1738 basi
770 1699 976 1751 angustiori
1011 1708 1049 1738 et
1068 1698 1236 1738 tenuiori
1255 1710 1371 1751 prae-

83 1760 186 1800 ditae
229 1759 347 1801 essent
394 1772 433 1801 et
465 1763 504 1801 in
541 1762 761 1802 summitate
794 1761 1050 1813 debiscerent,
1089 1762 1141 1800 ita
1180 1771 1221 1800 vt
1248 1762 1370 1801 inter-

82 1835 130 1863 na
164 1823 326 1876 ipsarum
359 1824 575 1878 superficies
606 1825 696 1865 huic
739 1825 956 1878 plantarum
992 1825 1124 1878 generi
1162 1824 1372 1877 peculiari-

81 1885 152 1925 bus
184 1886 354 1927 flosculis
388 1890 534 1941 penitus
566 1887 702 1928 referta
743 1899 976 1929 cerneretur.
1044 1888 1192 1928 Harum
1238 1888 1370 1928 media

81 1949 256 1990 ciusdem
289 1952 421 2004 primo
455 1964 545 1992 cum
580 1951 798 1991 lateralibus
831 1952 1104 2005 magnitudinis
1143 1960 1240 1998 erat,
1277 1963 1369 1990 cum

82 2013 256 2052 examini
293 2014 474 2056 arborem
507 2014 798 2066 submitterem,
830 2015 892 2056 sed
925 2014 1145 2057 flaccescere
1181 2013 1371 2067 paulatim

84 2073 192 2116 Tom.
221 2072 356 2120 VIII.
733 2076 802 2119 Bb
1213 2076 1369 2131 coepit,
