1941 2674
418 21 703 73 ORIGINES
733 21 1044 71 RVSSICAE.
1299 41 1384 79 391

104 144 202 185 ciam
223 176 233 195 ,
287 142 553 185 Macedoniam
574 175 584 194 ,
635 143 866 183 Theffiiliam
889 175 899 194 ,
953 144 1160 185 Achaiam.
1236 144 1394 185 Nouiss‘e

104 221 232 249 mores
274 221 337 247 me
379 217 415 247 et
457 207 650 248 Dorothei
687 207 784 246 istius
825 216 861 246 ct
902 207 1006 248 huius
1037 206 1178 247 Callisti
1213 209 1394 248 meditate

102 272 228 321 decet,
263 271 390 324 quibus
415 272 548 324 religio
575 270 662 320 fuit,
697 271 829 310 orbem
857 269 1095 311 christianum
1124 271 1262 321 celare,
1298 284 1392 324 quae

101 335 218 375 noc‘tu
251 335 476 374 [Omniariut.
561 333 625 373 De
656 333 820 374 Thracia
854 346 929 373 non
963 335 1113 380 dubito,
1148 346 1264 386 neque
1296 347 1391 388 opus

98 397 165 438 fuit
198 397 346 437 inficcta
380 399 531 446 frande,
573 410 641 450 qua
671 397 936 450 Nicephorum
970 396 1074 450 Imp.
1113 396 1268 436 duc'tum
1303 410 1388 436 mc-

99 472 227 501 morat
259 459 430 511 Symeon
463 460 673 512 Logothcta
707 462 785 508 (z).
852 460 956 501 Nam
994 474 1081 500 cum
1115 461 1151 499 in
1187 461 1387 500 venatione

96 522 195 564 haud
231 524 362 577 procul
394 537 415 563 a
442 522 632 574 Byzantio
668 523 776 571 esset,
813 524 960 563 inuenta
995 523 1126 562 scilicet
1157 535 1205 562 ex
1238 523 1388 576 impro-

96 585 173 626 uiso
206 598 310 626 vetus
340 600 400 626 :tra
437 599 475 626 et
511 587 555 625 ad
590 585 869 638 Imperatorem
906 585 1027 626 delata
1060 586 1137 631 hoc
1174 598 1261 626 cum
1296 587 1384 626 titu-

95 649 161 690 10:
216 647 320 690 τέτό
354 650 435 696 ε’ςιν
466 644 514 688 τε)
552 643 676 702 ἅγιον
707 646 986 701 Βυσιαςνζᾶιον
1018 647 1074 688 r&
1103 644 1385 704 ΑθχιςᾶαἾή-

96 726 165 768 ’γε
189 709 378 768 Μιχανλ
406 725 457 751 τε
482 706 787 761 ΑναἾέλλονἾος,
827 709 940 763 ὅπερ
968 707 1095 764 ὲιεθᾱό
1103 725 1204 753 ιισεν
1230 710 1247 752 0‘
1282 707 1385 767 ἁγι-

81 789 136 823 ος
170 772 410 822 Απέςσλος
446 769 663 824 Αιδᾶέας,
711 772 779 814 hoc
812 775 858 828 est
878 771 1048 827 smmum
1079 775 1203 816 altare
1234 774 1384 815 Archi-

76 838 242 891 strategi
274 835 483 879 Michaelis
517 834 688 878 OJimtis
710 861 721 884 ,
768 837 865 890 quod
893 837 1079 877 dedicauit
1109 836 1156 879 S.
1192 835 1384 892 Apostolus

91 899 282 943 Andteas.
347 899 411 941 De
434 898 587 950 Scythi1
615 911 759 952 quoque
787 899 998 950 contentio,
1035 901 1182 953 quando
1208 901 1257 940 ita
1283 900 1384 953 Hip-

90 965 229 1018 politus
263 972 301 1003 et
331 963 515 1016 Origenes
546 962 753 1011 tradidere,
789 975 950 1015 quorum
983 965 1079 1016 apud
1112 974 1184 1003 nos
1212 963 1381 1004 auctori·

89 1037 208 1068 tatem
244 1027 372 1068 valere
404 1027 536 1075 decet,
587 1037 676 1065 cum
708 1026 879 1078 proximi
911 1026 958 1066 ab
990 1036 1106 1066 aetate
1135 1026 1200 1066 illa
1231 1025 1380 1068 suerint.

91 1091 147 1131 At
173 1103 284 1144 quam
304 1088 498 1140 Scythiam
529 1088 675 1135 dicant,
708 1101 800 1140 quos
824 1089 1009 1142 populos,
1043 1091 1157 1129 etiam
1188 1099 1296 1143 atque
1322 1099 1382 1130 et..

87 1154 166 1193 iam
186 1152 491 1195 considerandum
511 1151 596 1201 fuit,
625 1163 671 1190 ne
689 1163 782 1190 voce
801 1152 974 1204 ambigua
992 1159 1164 1203 vtamur,
1183 1161 1378 1207 tamquam

86 1218 189 1271 pueri
215 1216 308 1256 talis.
363 1214 547 1255 Thraciae
575 1214 721 1254 mentio
749 1213 846 1254 mihi
874 1215 1084 1268 persuadet,
1111 1216 1257 1256 vicinos
1281 1228 1380 1270 quo-

86 1292 162 1333 que
193 1278 234 1320 S.
264 1279 460 1319 Andre-am
493 1277 626 1317 adiisse.
694 1278 749 1316 At
781 1287 862 1317 tum
896 1278 1048 1331 quidem
1081 1279 1168 1319 inde
1200 1293 1221 1320 a
1245 1278 1382 1320 Danu-

35 1383 39 1388 ,
87 1343 153 1383 bio
179 1343 226 1383 ad
253 1341 533 1392 Borysthenem
561 1338 725 1391 Scythae
751 1339 846 1380 fuere
875 1341 986 1382 nulli:
1031 1338 1150 1382 Getae
1178 1343 1377 1396 regionem

87 1405 282 1455 tenebant,
326 1405 451 1458 paucis
485 1401 634 1453 Scythis
668 1404 876 1456 permixtis.
938 1404 1033 1445 Non
1066 1417 1162 1458 nego
1194 1405 1380 1458 superiora

84 1467 329 1520 Borysthenis
359 1467 516 1518 Scythas
547 1466 723 1506 tenuifle:
767 1478 805 1506 at
835 1466 912 1520 quis
943 1467 1040 1507 mihi
1072 1469 1290 1522 praestabit,
1327 1480 1379 1508 eo

85 1545 198 1586 vsque
226 1531 424 1586 penetrasse
453 1528 492 1571 S.
518 1530 737 1578 Andream‚
769 1538 833 1569 aut
859 1528 1140 1581 Bonyst‘henem
1172 1527 1380 1572 traiecisse?

84 1607 223 1648 nempe
242 1597 280 1634 in
300 1604 471 1635 veterum
491 1593 711 1646 scriptorum
731 1592 898 1643 silentio,
932 1606 1048 1647 neque
1067 1595 1171 1634 nouis
1189 1595 1377 1645 delector,

83 1671 174 1712 quos
199 1659 278 1698 iam
306 1658 434 1710 vulgus
457 1656 687 1697 eruditorum
715 1655 904 1705 exsibilat,
942 1670 1059 1710 neque
1085 1657 1260 1698 hariolari
1288 1669 1377 1698 me-

84 1734 152 1762 um
171 1721 245 1768 est,
275 1721 333 1761 sed
363 1721 546 1774 pudorem
575 1719 752 1759 adhibere
769 1728 808 1758 ct
826 1721 1098 1760 verecundiam.
1152 1721 1246 1777 Quis
1264 1721 1374 1760 dein-

81 1785 130 1825 de
148 1783 244 1824 mihi
264 1785 396 1826 Russos
422 1785 499 1823 iam
526 1792 607 1822 tum
637 1783 681 1822 ad
701 1779 981 1833 Borysthenem
1009 1782 1109 1823 fuisse
1136 1784 1372 1825 demonstra-

81 1843 164 1887 bit?
198 1847 373 1887 videlicet
405 1859 491 1886 cum
523 1846 614 1886 alios
646 1845 808 1899 populos
841 1845 986 1886 Tiberii
1017 1844 1122 1900 Imp.
1159 1856 1277 1888 aetate
1307 1847 1374 1888 ist-

79 1909 142 1950 hic
181 1909 332 1950 coluisse
375 1909 566 1949 ostendere
608 1907 768 1985 poffilm.
841 1909 899 1949 At
927 1922 1013 1949 cum
1051 1911 1089 1949 in
1124 1909 1377 1951 Antiocheno

1277 1984 1376 2012 con-

252 2062 310 2102 c²>
338 2071 367 2101 Ρ»
391 2070 461 2102 455·
