1941 2674
458 70 555 118 446
615 59 1092 109 OBSERVATIONES
1123 59 1607 111 ASTRONOMICAE

457 175 576 258 ΤἙΡ.
662 174 781 225 Appar.

662 239 679 260 l
784 238 821 259 ll

479 283 557 320 12..
624 282 694 311 20.
762 283 835 322 30,
901 271 967 311 Per
993 268 1221 310 dehiscentes
1247 270 1359 310 nubes
1384 270 1486 310 licuit
1504 269 1649 310 Lunam
1668 268 1740 308 ob-

983 331 1122 373 seruare
1143 364 1154 382 ,
1202 346 1291 386 quae
1325 332 1427 372 suum
1471 334 1600 373 lumen
1633 332 1746 372 rursus

976 397 1159 449 acquirere
1189 407 1378 449 coeperat.

481 482 552 512 12.
620 480 693 519 25.
760 470 836 519 38.
898 463 1133 519 Copernicus
1167 477 1265 508 totns
1298 477 1403 507 extra
1435 467 1623 509 vmbram.

480 552 550 580 12.
620 551 695 590 33.
763 550 837 589 30,
902 536 1046 588 Tycho
1077 539 1155 577 iam
1187 549 1237 577 ex
1270 538 1404 578 vmbra
1432 546 1510 576 erat
1540 538 1708 590 egressus.

901 607 1006 647 Tum
1035 608 1160 648 denuo
1187 609 1333 648 coiuere
1361 608 1500 657 nubes,
1535 622 1578 647 ac
1605 609 1750 649 Iolum-

969 671 1092 711 modo
1107 682 1280 724 vergente
1301 673 1344 712 ad
1366 681 1579 711 extremum
1592 672 1746 727 Eclipfi,

974 735 1099 787 potuit
1123 734 1229 775 Luna
1256 734 1456 774 obseruari.

489 820 561 848 12.
631 817 705 857 59.
774 808 848 855 56.
916 802 1026 845 Mare
1061 801 1224 844 Crifium
1255 805 1377 857 detegi
1412 814 1599 858 coeperat.

485 890 557 927 13.
659 890 703 926 3.
773 878 846 914 18.
913 873 1062 912 Totum
1097 874 1206 913 Mare
1238 872 1398 915 Crifium
1433 876 1653 928 apporebnt.

485 962 560 999 13.
657 959 702 998 9.
778 948 852 984 26.
919 941 1077 995 Eclipfis
1108 941 1263 983 finiuiffe
1294 944 1469 997 profecto
1499 944 1705 990 videbatur,

1055 1120 1153 1182 IV.

465 1224 610 1359 IArn
627 1272 721 1301 vero
734 1290 744 1309 ,
762 1259 810 1299 ad
829 1268 920 1311 quos
937 1256 1123 1300 deuenerit
1139 1258 1268 1311 gradus
1288 1258 1465 1310 proxime
1483 1259 1606 1313 elapso
1627 1260 1753 1307 mense

555 1322 752 1367 Februario
778 1323 833 1362 vis
860 1321 1025 1373 frigoris,
1054 1322 1240 1362 indicabo.
1289 1321 1391 1361 Haec
1419 1323 1507 1362 dnm
1536 1324 1750 1377 persequor,

463 1401 540 1429 non
566 1387 697 1429 dubito
722 1385 825 1435 fore,
858 1393 901 1424 vt
929 1384 1092 1437 cuipiam
1119 1385 1247 1425 videar
1278 1385 1420 1425 fortasse
1451 1386 1555 1426 rebus
1586 1387 1749 1429 nimium

461 1452 587 1492 hercl-e
615 1450 785 1498 minutis,
822 1461 862 1488 ac
889 1447 1161 1500 superuacaneis
1186 1449 1323 1498 etiam,
1359 1448 1386 1488 fi
1411 1449 1476 1488 diis
1501 1450 1644 1501 placet,
1679 1463 1748 1494 va·
1812 1452 1814 1455 ⁴

463 1528 567 1556 care:
601 1523 732 1567 quotus
760 1512 863 1551 enim
890 1511 943 1550 est
968 1511 1128 1564 quisque,
1165 1512 1226 1563 qui
1259 1512 1474 1564 praeteritae
1508 1513 1656 1564 ignoret
1688 1516 1749 1553 in.

464 1578 659 1620 solentiam
692 1570 957 1628 tempestatis?
989 1575 1046 1613 At
1077 1575 1251 1627 profecto
1283 1574 1342 1614 hic
1374 1574 1470 1614 mihi
1504 1575 1611 1615 liceat
1643 1576 1749 1617 fimi-

462 1642 618 1683 litudme
648 1639 703 1680 vti
737 1651 756 1677 a
786 1637 893 1678 rebus
924 1637 1038 1689 petita
1069 1638 1215 1690 generis
1250 1638 1388 1678 diuerfi.
1470 1637 1509 1678 Si
1541 1639 1748 1691 quaedam,

464 1716 626 1759 qnorum
664 1701 831 1754 cognitio
868 1700 1025 1752 antiquis
1067 1701 1299 1754 temporibus
1337 1701 1467 1754 cuique
1505 1701 1615 1741 obuia
1647 1712 1748 1752 erat,

466 1780 580 1822 eaque
613 1765 800 1818 vulgaris,
843 1762 1019 1816 descripta
1051 1764 1146 1803 olim
1178 1763 1318 1803 fuiflent
1339 1795 1349 1813 ‚
1397 1777 1438 1804 ac
1469 1764 1598 1804 litteris
1627 1766 1751 1806 confi-

465 1841 599 1885 gunt-a,
617 1829 666 1869 sic
686 1838 727 1868 vt
750 1826 965 1880 perueniffet
985 1827 1029 1866 ad
1055 1822 1218 1880 posteros
1242 1838 1372 1866 eorum
1401 1827 1612 1875 memoria,
1636 1841 1749 1882 quam

466 1906 608 1947 magno
638 1893 815 1945 negotio,
849 1903 892 1931 ac
926 1889 1097 1929 molestia
1127 1890 1298 1930 liberatos
1323 1890 1356 1929 se
1383 1891 1632 1942 intelligerent
1663 1904 1749 1932 eru-

467 1959 534 1997 diri
566 1956 760 2003 homines,
796 1967 886 2008 quos
921 1966 1016 1993 nunc
1049 1954 1101 1993 est
1136 1955 1277 1993 necesse
1310 1954 1363 1993 ire
1399 1966 1468 2006 per
1499 1953 1641 1993 labores
1671 1956 1750 1995 im-

464 2020 625 2075 probos,
657 2028 699 2059 vt
732 2018 819 2072 quid
850 2030 894 2057 ea
925 2017 1078 2067 fixerint,
1113 2017 1306 2071 inquirant,
1377 2017 1507 2073 Quem
1544 2029 1622 2056 non
1655 2030 1747 2057 mo-

1625 2089 1751 2124 uerunt
