1941 2674
440 57 561 100 NON
563 58 702 100 DVM
743 57 950 100 DESCRI
953 58 1044 101 PTI
1047 58 1078 101 S
1081 89 1089 98 .
1327 71 1344 98 1
1355 72 1380 102 0
1392 72 1411 101 :t

243 175 274 223 ξ.
317 187 358 223 3.
395 174 501 215 Haec
537 187 634 215 vero
668 177 718 215 ita
750 176 786 215 se
818 175 959 216 habent
980 177 1018 216 in
1041 186 1210 229 corpore
1231 176 1419 230 simplici:

128 248 217 276 cum
254 238 364 290 plura
397 239 479 282 lunt
512 251 698 291 corpora,
731 241 846 280 vario
875 252 975 280 nexu
1011 241 1111 279 inter
1143 240 1175 278 sc
1204 239 1420 280 cohaeren-

127 300 177 338 tia
213 311 400 354 motuque
433 302 579 342 diuerso
614 304 781 355 agitata,
826 313 916 342 tunc
950 304 1032 356 pari
1065 303 1243 352 ratione,
1285 304 1422 344 omni-

128 362 197 402 bus
231 375 329 403 nunc
364 374 479 414 nota,
515 366 553 404 in
586 365 663 405 illis
703 365 948 405 conscrilatur
988 368 1126 406 virium
1168 368 1338 406 vittarum
1378 367 1417 406 in

126 424 320 466 summam
355 427 606 467 collcstarum
641 429 845 481 quantitas:
884 428 946 468 sed
980 439 1019 468 et
1054 429 1180 480 aliqua
1213 429 1420 469 conserua-

125 497 188 528 tur
222 491 394 540 ratione,
427 500 513 530 vtut
544 492 671 530 minus
701 491 870 542 generali
891 490 1086 543 magisque
1106 491 1278 530 intricata
1300 502 1414 545 atque

125 551 336 605 perplexa,
374 562 503 592 motus
522 554 728 606 quantitas:
761 552 909 591 Verum
931 551 1025 592 haec
1046 565 1145 592 nunc
1166 551 1274 592 missa
1295 553 1412 606 facio,

121 615 212 668 quia
243 616 292 656 ad
323 615 534 655 institutum
567 616 737 655 nostrum
771 626 850 654 non
871 616 1085 667 pertinent:
1119 614 1190 654 hac
1209 617 1315 655 enim
1337 616 1415 656 dis-

122 676 326 717 sertatione
364 691 407 718 ea
447 687 623 730 tantum,
662 689 759 732 quae
798 678 957 732 corpori
996 678 1166 732 fimplici
1206 679 1408 733 accidunt,

121 741 300 781 constitui
330 739 520 795 prosequi.

235 837 269 886 §.
307 849 351 885 4.
386 835 543 876 Praeter
574 834 808 875 variationes
841 834 1122 887 velocitatum,
1156 848 1319 889 quarum
1346 850 1414 880 ra·-

116 898 225 940 tione
258 898 449 952 praefatae
482 898 585 951 leges
617 900 891 950 innotuerunt,
925 899 1028 938 aliud
1062 899 1113 939 est
1140 902 1407 943 mutationum

114 973 256 1015 genus,
290 961 330 1001 in
362 974 439 1015 quo
473 972 600 1001 natura
634 962 777 1014 pariter
810 961 913 1014 leges
933 961 1179 1015 praescriptas
1201 963 1317 1004 habet
1337 977 1410 1016 ge·-

113 1025 287 1076 nerales,
322 1037 480 1078 quarum
516 1025 692 1077 cognitio
726 1026 764 1063 in
784 1023 974 1064 soluendis
994 1025 1299 1077 problematibus
1319 1039 1409 1068 me·-

113 1087 286 1128 chanicis
317 1087 418 1127 haud
454 1101 590 1141 parum
627 1088 700 1128 crit
728 1087 850 1127 vtilis:
886 1088 1080 1140 pertinent
1097 1097 1226 1127 autem
1246 1091 1294 1129 ad
1315 1101 1406 1130 mu-

113 1160 210 1192 tatas
241 1152 282 1191 in
314 1163 479 1204 corpore
512 1160 628 1191 moto
661 1150 909 1190 direc'tiones.
977 1149 1169 1191 Nondum
1191 1150 1407 1203 pertrasta-

111 1223 196 1255 tum
212 1213 284 1255 fuit
296 1245 308 1265 ,
325 1214 427 1268 quod
447 1213 560 1255 sciam
571 1240 583 1264 ‚
603 1213 651 1254 ab
670 1213 753 1253 aliis
772 1222 1046 1265 argumentum
1059 1244 1071 1265 ,
1103 1214 1208 1266 quod
1227 1214 1405 1267 adeoque

113 1277 246 1330 paullo
277 1277 505 1318 accuratiori
538 1276 758 1329 explanabo
790 1286 904 1327 atque
936 1276 1236 1316 commentabor
1255 1278 1409 1319 oratio-

111 1352 186 1393 ne,
220 1340 394 1394 quamuis
424 1339 481 1379 sua
515 1348 649 1379 natura
679 1350 761 1378 non
792 1336 1008 1378 admodum
1044 1338 1221 1379 difficile.

229 1434 260 1483 §.
299 1444 339 1484 5.
375 1431 497 1474 Sicuti
529 1439 662 1472 motus
693 1431 733 1471 in
766 1442 931 1485 corpore
962 1441 1189 1486 generatur,
1231 1442 1313 1473 non
1355 1434 1397 1474 in

110 1496 288 1544 instanti,
320 1498 382 1537 sed
403 1506 595 1548 tempore
626 1504 666 1534 et
682 1495 905 1535 continuata
925 1496 1139 1549 prestione,
1173 1497 1224 1535 ita
1247 1509 1400 1550 quoque

109 1559 272 1601 direstio
305 1561 342 1600 in
375 1570 540 1612 corpore
572 1567 687 1598 moto
720 1570 742 1596 a
777 1558 1048 1611 pressionibus,
1085 1557 1149 1599 sub
1189 1558 1262 1599 alia
1293 1560 1401 1599 dire-

109 1623 242 1664 &ione
273 1624 495 1678 applicatis,
529 1621 662 1674 aliquo
693 1622 882 1674 temporis
928 1621 1132 1662 interuallo
1173 1621 1222 1661 ad
1260 1621 1398 1662 datum

109 1687 295 1738 angulum
329 1696 512 1728 mutatur.
577 1684 701 1737 Igitur
731 1683 956 1724 directionis
987 1685 1027 1725 in
1071 1695 1240 1737 corpore
1281 1693 1397 1725 moto

107 1750 275 1790 mutatio
308 1750 451 1804 aliquid
486 1748 564 1798 est,
596 1747 698 1801 qnod
729 1759 818 1787 cum
853 1759 954 1787 noua
986 1748 1026 1788 in
1057 1747 1198 1787 eodem
1226 1759 1396 1800 corpore

106 1822 289 1865 generata
321 1814 531 1854 velocitate
563 1811 781 1864 comparari
816 1811 949 1852 debet:
982 1822 1106 1864 neque
1136 1818 1242 1849 certe
1265 1817 1396 1851 muta-

105 1877 256 1927 tiones,
286 1881 382 1930 'quas
412 1889 433 1916 a
465 1873 699 1928 percussione
745 1874 786 1913 in
826 1873 1043 1914 directione
1084 1873 1261 1926 corporis
1293 1886 1395 1927 pro-

105 1940 240 1980 uenire
267 1940 476 1991 fidemus,
511 1937 802 1978 considerandae
833 1937 937 1989 sunt,
969 1947 1150 1990 tanquam
1179 1947 1273 1988 quae
1300 1936 1394 1976 fiant

103 2002 147 2045 in
177 2002 354 2057 instanti,
388 2003 497 2046 ficuti
527 2014 600 2044 nec
632 2000 890 2053 mutationes,
924 2013 1016 2056 quas
1052 1999 1280 2041 velocitates
1300 2000 1391 2039 fub-

667 2062 709 2107 N
747 2076 769 2114 3
1300 2069 1394 2102 eunt
