1941 2674
525 57 545 82 2
554 55 578 83 0
586 56 610 80 2
1003 39 1082 80 DE
1116 39 1237 82 POM
1241 39 1279 80 O

520 169 591 198 mo
626 154 860 196 recordatur.
928 155 1134 208 Postquam
1166 167 1262 195 vero
1298 153 1400 192 foliis
1432 152 1542 192 saluis
1574 153 1688 194 flores
1727 169 1799 208 pe,

522 220 669 259 rierunt
701 229 861 269 omnes,
895 230 973 258 non
1007 219 1131 258 multo
1164 218 1247 271 post
1292 218 1425 269 ingens
1466 216 1555 255 inde
1597 221 1804 268 protrudeae

520 282 631 322 batur
662 280 837 321 surculus.

640 407 707 448 Ex
740 415 878 446 trunco
928 406 1111 446 arborum
1164 405 1339 458 protrudi
1371 404 1538 445 surculos
1572 415 1672 445 noto
1725 419 1803 446 no-

520 471 595 511 tius
628 470 704 522 est,
756 469 935 522 idemque
968 468 1186 519 obseruaui,
1223 468 1555 522 quemadmodum
1593 469 1685 508 alias
1722 472 1802 509 sae-

519 534 606 588 pius
638 534 690 573 ita
722 533 941 585 nuperrime
974 532 1014 571 in
1051 531 1155 582 Pyro
1185 530 1324 572 annosa
1361 541 1399 570 et
1419 543 1595 583 procera,
1627 532 1666 570 in
1686 544 1802 584 quam

522 609 572 637 ex
607 594 761 637 musaeo
795 594 947 648 patebat
980 593 1221 647 prospec‘tuS,
1265 595 1369 647 quod
1410 594 1438 634 fi
1471 594 1688 646 cogitemus
1725 594 1806 636 snr-

522 659 612 699 culo
645 658 831 698 corticem
864 659 1125 710 perrumpenti
1164 658 1322 697 insidere
1361 669 1587 709 gemmam,
1640 666 1704 697 aut
1752 671 1804 699 ex

521 722 625 762 male
661 721 827 770 nutrito,
862 731 968 773 parte
1001 722 1192 772 superiore
1212 730 1414 773 corrupta,
1448 731 1650 772 antequam
1673 722 1713 759 in
1734 723 1804 760 de·-

521 785 642 824 bitam
692 784 978 835 longitudinem
1028 784 1277 831 extendatur,
1331 783 1660 835 quemadmodum
1702 785 1807 823 acci-

521 848 579 887 dit
613 847 771 886 floribus
805 847 842 884 in
874 858 1033 897 gemma
1066 845 1340 885 obseruationis
1373 845 1656 897 praecedentis,
1690 856 1730 884 et
1768 848 1806 887 in

520 910 633 949 omni
670 909 887 961 plantarum
920 920 1060 959 genere
1094 908 1145 947 ob
1179 908 1370 947 defectum
1406 907 1499 946 succi
1534 908 1678 947 nutritii
1707 922 1807 961 qno-

521 972 582 1011 vis
614 981 792 1022 tempore
823 970 994 1008 accidere
1027 969 1143 1019 solet,
1178 975 1295 1009 talem
1331 971 1558 1022 prouenire,
1612 971 1675 1009 vbi
1709 970 1805 1014 haec

519 1045 612 1074 vere
644 1034 821 1085 sequente
857 1032 1070 1084 explicatur
1104 1031 1219 1071 flores
1252 1043 1302 1070 ex
1334 1033 1478 1070 cortice
1515 1033 1666 1083 prodire
1696 1035 1809 1075 vide-

521 1096 685 1146 buntur,
722 1095 849 1148 quales
880 1107 1079 1134 ramorum
1101 1094 1234 1134 surculi
1254 1093 1443 1133 suberbire
1464 1093 1594 1133 solent.
1661 1095 1809 1137 Enim-

522 1171 622 1200 vero
656 1171 745 1198 cum
789 1157 868 1197 hoc
908 1156 1091 1196 rariffime
1132 1158 1354 1209 contingat,
1390 1156 1537 1196 florum
1579 1169 1730 1209 quoque
1769 1169 1809 1200 et

524 1223 650 1262 multo
684 1221 808 1273 magis
840 1220 1031 1260 fructuum
1070 1232 1119 1259 ex
1153 1231 1289 1260 trunco
1332 1230 1540 1273 prouentus
1579 1221 1808 1275 rarissimus,

523 1285 630 1325 ficuti
662 1294 701 1324 et
734 1284 806 1322 alia
841 1293 993 1322 naturae
1028 1283 1296 1335 phaenomena
1329 1283 1455 1322 minus
1473 1281 1683 1335 frequentia
1703 1284 1808 1339 sunt,

523 1360 619 1401 quae
652 1348 778 1401 plures
811 1345 953 1385 liabent
984 1345 1107 1385 caulas
1140 1346 1288 1385 nonnisi
1325 1358 1411 1386 raro
1442 1357 1724 1387 concurrentes

643 1473 697 1513 Vt
730 1484 825 1512 vero
857 1472 1114 1525 intelligatur,
1147 1473 1348 1526 quomodo
1369 1482 1449 1512 tam
1469 1470 1602 1512 surculi
1631 1485 1682 1514 ex
1701 1483 1810 1518 trun-

525 1550 573 1583 co
607 1549 674 1590 per
706 1537 894 1575 corticem
929 1545 1206 1588 prorumpant,
1248 1549 1363 1589 quam
1406 1547 1587 1588 gemmae
1630 1539 1811 1588 grauidae

525 1601 736 1655 prodeant,
769 1599 978 1641 distinctius
1011 1600 1309 1651 explicandum,
1344 1610 1545 1652 propterea
1579 1601 1681 1651 quod
1703 1601 1809 1653 Phy-

524 1664 612 1705 ficis
646 1662 794 1702 theoria
832 1663 1090 1713 vegetationis
1122 1663 1330 1712 arborum,
1363 1674 1458 1714 quae
1502 1661 1689 1714 principia
1723 1664 1809 1718 sup—

524 1728 696 1780 peditat,
734 1724 914 1764 histenus
946 1737 1026 1763 non
1067 1724 1152 1764 satis
1192 1725 1383 1778 perspecta
1426 1723 1509 1763 fuit.
1574 1724 1808 1769 Tenendum

524 1791 653 1842 itaque
694 1787 842 1826 succum
887 1788 1112 1838 nutritium,
1163 1789 1228 1840 qui
1269 1789 1308 1827 in
1347 1787 1518 1828 vtriculis
1568 1785 1807 1831 substantiam

526 1851 783 1892 medullarem
816 1850 1145 1903 componentibus
1175 1855 1448 1904 praeparatur,
1479 1849 1632 1903 plenam
1653 1851 1724 1891 effe
1744 1866 1811 1894 ru-

525 1914 709 1955 dimentis
738 1925 982 1964 gemmarum
1001 1944 1012 1964 ,
1044 1914 1371 1965 quemadmodum
1412 1913 1541 1953 semen
1582 1914 1810 1956 animalium

527 1987 640 2032 atque
677 1975 886 2017 hominum
917 1978 1119 2018 innumera
1159 1977 1387 2018 animalcula
1427 1977 1510 2018 alit.
1573 1977 1732 2019 Etenim
1770 1979 1809 2018 in

1645 2039 1808 2082 Tracta-
