1941 2674
367 77 429 117 IN
462 73 634 120 TVBIS
666 75 1101 120 CAPILLARIBVS.
1336 84 1424 129 269

531 189 905 247 Corollurium
944 210 975 254 2
987 236 998 247 .

227 276 363 334 Qma'st
398 277 514 328 igitur
540 280 680 330 pondus
704 286 836 332 gemae
868 282 987 318 maius
1021 281 1168 329 euadit,
1209 294 1322 332 quam
1357 295 1424 322 re-

115 340 218 381 acuo
253 340 490 379 attrastxonis
533 341 709 381 instincte
750 342 897 396 potest:
941 341 1102 398 coha'aslo
1143 352 1342 397 rumpitur,
1385 355 1427 386 et

112 414 220 456 gutta
255 403 411 443 decidit.

457 495 924 558 PROPOSITIO
960 498 1083 556 VII.

227 583 303 623 Vis
336 581 545 621 attracliucz
560 613 570 631 ‚
608 596 701 636 quae
731 586 825 625 inter
851 586 1060 640 particulas
1095 597 1234 638 aqueas
1265 589 1427 629 interce-

113 645 169 687 dit
182 677 193 698 ,
224 657 290 685 non
322 645 386 699 nfi
408 650 557 697 guttam
584 650 742 688 retinere
772 654 808 688 et
838 648 1006 690 cohibere
1030 649 1159 703 potest.

550 735 994 794 Demonstratio.

227 823 317 864 Hoc
360 823 508 863 abunde
555 832 663 876 patet
713 836 782 876 per
829 826 1146 877 experimentum
1196 824 1429 867 antecedens

112 888 253 941 (Prop.
277 884 404 937 VI.),
437 886 530 925 dum
566 888 697 938 primo
729 899 824 939 aqua
858 899 910 927 ex
941 887 1099 927 orificio
1130 887 1163 928 C
1199 891 1426 929 minutatim
1470 914 1472 916 -

109 951 345 1000 extruditur,
379 961 500 1002 quae,
535 948 603 988 vbi
637 948 769 989 sensim
804 950 844 988 in
877 959 1026 1002 guttam
1062 950 1234 1001 coaluit,
1265 954 1425 992 tandem

108 1013 354 1067 abrumpitur
386 1021 425 1051 et
459 1012 618 1052 decidit.
686 1011 853 1051 Probant
885 1013 961 1052 hoc
994 1014 1114 1052 ctiam
1147 1014 1281 1053 onmia
1317 1014 1428 1054 stilli-

108 1077 219 1117 cidia.
288 1075 343 1116 Et
375 1075 498 1114 fluxus
534 1087 652 1128 aquae
683 1075 866 1126 guttatim
887 1076 1118 1126 delabentis,
1152 1086 1192 1114 et
1220 1076 1427 1128 prosilien-

108 1141 157 1179 tis
187 1151 265 1179 non
299 1138 367 1178 nisi
400 1138 598 1177 celeritate
631 1137 838 1189 differunt,
874 1138 959 1178 imo
992 1139 1119 1178 radius
1151 1150 1269 1190 aquae
1302 1139 1424 1191 prosi-

109 1201 238 1241 lientis
269 1201 325 1240 nil
359 1200 412 1240 est
453 1200 520 1240 nisi
553 1200 663 1240 series
695 1210 891 1253 guttarum
935 1213 1142 1253 aque-arum
1184 1201 1424 1242 velociffime

109 1263 183 1304 sese
214 1263 509 1317 insequentium.
1406 1261 1407 1264 ’

531 1352 912 1412 Corollarium
947 1370 993 1423 Ι,

225 1441 335 1483 Patet
367 1441 482 1495 igitur
511 1442 636 1493 ratio,
674 1454 791 1495 quare
823 1448 982 1495 vapores
1013 1443 1149 1494 aquei,
1191 1443 1342 1494 quando
1375 1444 1417 1484 in

111 1512 262 1558 guttam
296 1504 381 1545 satis
413 1504 627 1544 notabilem
665 1504 864 1555 coaluere,
906 1505 943 1544 in
984 1503 1124 1544 lamina
1164 1507 1289 1546 vitrea
1326 1519 1420 1559 per-

108 1567 409 1621 pendiculariter
441 1567 590 1618 erecta,
623 1568 681 1608 vti
716 1579 751 1607 e.
773 1579 831 1620 gr.
871 1567 910 1606 in
943 1565 1133 1620 fenestris,
1166 1569 1320 1610 tandem
1354 1569 1422 1610 cle-

100 1629 241 1685 fluant.
1063 1628 1065 1630 ’

525 1720 899 1778 Corollarium
936 1739 994 1785 2.

228 1818 332 1874 Quia
364 1826 469 1871 gutta
503 1830 645 1871 aquea,
677 1830 771 1871 quae
804 1830 826 1858 a
857 1818 964 1858 vitro
1004 1817 1264 1872 suspenditur,
1309 1819 1418 1860 nihi-

109 1881 284 1923 lomiuus
322 1881 489 1932 decidit,
538 1881 693 1934 quando
741 1882 783 1921 in
822 1881 988 1921 nimiam
1031 1881 1183 1922 molem
1224 1884 1419 1923 excreuit:

107 1944 194 1990 (Pr.
216 1943 290 1984 VI.
313 1942 408 1984 Cor.
432 1947 498 1994 2.)
530 1943 707 1996 Sequitur
738 1944 823 1984 vim
843 1943 934 1983 vitri
953 1943 1194 1985 attrae'tiuam
1224 1957 1304 1984 non
1322 1943 1419 1998 pos-

105 2005 144 2047 se
174 2006 258 2062 plus
290 2006 490 2061 sustinere,
521 2019 636 2062 quam
672 2007 729 2046 vis
760 2006 959 2048 attradtiua
980 2006 1256 2062 particularum
1275 2019 1418 2062 aquea·

669 2068 729 2111 Ll
761 2082 786 2120 3
1324 2081 1414 2111 rum
