1941 2674
562 99 617 138 4³
630 100 653 126 2
882 79 1166 128 ORIGINES
1198 76 1504 126 RVSSICAE.

559 196 840 240 Gemblacenfis
872 200 960 249 (a),
998 200 1126 240 immo
1157 198 1230 252 ipse
1264 197 1510 252 Liutprandus
1534 197 1736 238 Ticinenfis
1768 198 1842 248 (b)

559 263 682 304 homo
715 264 754 302 in
790 260 1198 316 Constantinopolitana
1230 263 1351 315 regia,
1387 262 1589 314 ceterisque
1615 258 1843 301 Germaniae

557 335 666 378 atque
700 324 831 366 Italiae
864 327 953 366 aulis
986 327 1150 366 multum
1191 325 1374 365 versatus:
1426 323 1688 364 lsaeldemaram
1719 335 1844 375 regem

560 387 755 429 Annalista
790 388 853 428 ille
890 387 995 429 Saxo
1031 389 1108 438 (c),
1146 386 1353 427 laroslaum
1387 399 1515 440 regem
1551 388 1722 427 Adamus
1747 385 1847 426 Bre-

559 451 695 491 mensrs
722 451 788 501 (d)
815 450 1054 504 Eggehardus
1077 450 1288 502 Vragienfis
1323 452 1377 499 (e)
1412 450 1630 490 Lambertus
1664 448 1845 490 Schafna-

560 513 743 565 burgenfis
771 514 853 568 (f).
922 514 1035 553 Vides
1060 513 1338 554 consensionem
1365 514 1535 567 gentium
1564 514 1642 569 fere*
1668 513 1842 553 omnium

557 578 663 629 regio
686 576 727 616 in
753 576 862 617 titulo
888 576 1051 618 Ruffiae.

708 687 1048 744 Quemadmodum
1085 685 1188 741 supra
1224 687 1328 735 dixi,
1379 688 1445 727 tria
1482 688 1653 727 maxima
1686 699 1799 741 regna
1827 699 1848 728 e

560 748 764 791 Slauonicis
781 750 996 800 Rusticum,
1033 751 1280 800 Polonicnm‚
1310 748 1564 790 Bohemicum
1592 750 1668 791 istis
1695 760 1852 805 tempo-

562 814 662 852 ribus
691 813 864 865 viguisse,
906 814 955 853 ita
990 814 1080 853 haec
1115 826 1204 852 cum
1245 823 1426 865 perpetuo
1461 812 1627 853 fortunae
1652 816 1753 854 cursu
1779 813 1849 854 sese

564 876 751 924 extulere,
788 876 944 915 caussam
981 876 1112 914 dedere
1149 875 1454 914 comminiscendi
1489 884 1559 914 tres
1593 875 1719 916 fratres
1747 874 1852 917 Lech

563 939 645 980 Rus
665 945 701 977 et
720 935 862 977 Czech.
905 938 1009 986 Rus,
1037 938 1097 988 qui
1124 937 1166 975 fit
1192 938 1364 976 conditor
1380 936 1555 978 Rofficae
1580 939 1633 977 rei
1659 939 1850 991 publicae,

561 999 666 1042 Lech
694 999 915 1048 Polorncae,
950 998 1079 1040 Czech
1108 998 1352 1039 Bohemicae.
1418 998 1557 1039 Nescio
1581 1001 1660 1052 quis
1683 1001 1853 1040 Vincen-

560 1064 601 1103 tii
632 1062 887 1104 Kadlnbconis
921 1072 1205 1102 commentator
1222 1092 1232 1111 ‚
1285 1074 1361 1101 non
1388 1062 1439 1101 ita
1465 1071 1570 1102 vetus
1594 1071 1747 1113 tamen,
1783 1063 1851 1104 fuit

560 1127 665 1166 enim
695 1125 820 1179 paullo
846 1133 930 1164 ante
959 1124 1185 1177 Dlugoffum
1225 1133 1262 1164 et
1295 1124 1380 1178 post
1406 1125 1461 1164 A.
1489 1122 1534 1164 C.
1564 1139 1697 1177 1434.
1727 1126 1851 1172 homo

560 1189 664 1241 supra
704 1189 862 1228 modum
900 1188 1087 1241 simplex,
1128 1189 1270 1240 primus
1296 1187 1368 1228 hos
1396 1198 1465 1227 tres
1495 1188 1641 1238 fratres,
1680 1190 1853 1231 Annonis

562 1252 661 1292 filios
699 1251 877 1304 produxit
905 1254 982 1303 (g).
1051 1248 1151 1290 Cum
1178 1250 1373 1291 Kadlubco
1403 1250 1595 1301 scriberet,
1630 1253 1733 1292 annis
1763 1262 1849 1293 ante

562 1323 908 1354 commentatorem
944 1314 1108 1353 ducentis
1137 1322 1175 1352 et
1203 1313 1388 1367 amplius,
1427 1315 1593 1354 nondum
1622 1316 1697 1356 nati
1721 1326 1848 1366 erant,

564 1389 682 1431 neque
709 1377 828 1418 Anno
853 1386 955 1430 pater
990 1389 1107 1430 neque
1141 1386 1213 1416 tres
1238 1377 1406 1429 germani
1435 1376 1581 1418 fratres:
1633 1379 1771 1428 credo,
1807 1388 1850 1419 vt

563 1441 755 1481 Palladem
787 1440 886 1480 Iouis
913 1449 1066 1492 repente
1095 1439 1294 1492 prosiluisse
1321 1449 1483 1479 armatos
1511 1452 1533 1479 e
1559 1442 1712 1482 cerebro
1736 1454 1848 1483 com-

564 1503 794 1544 mentatoris.
860 1503 917 1543 At
945 1502 1136 1542 Kadlubco
1154 1516 1175 1542 a
1201 1501 1364 1543 Lescone
1393 1502 1524 1555 incipit
1548 1504 1740 1545 Polonicas
1770 1518 1848 1556 res,

562 1567 702 1619 aequali
741 1575 777 1605 et
817 1566 966 1606 vic'tore
998 1565 1204 1606 Alexandri
1243 1565 1475 1605 Macedonis.
1569 1566 1681 1607 Hunc
1721 1578 1849 1609 tamen

564 1629 769 1670 Lesconem
803 1641 891 1668 cnm
923 1629 1007 1678 alii,
1042 1638 1124 1669 tum
1157 1627 1353 1669 Stanislaus
1381 1628 1606 1670 Orichouius
1632 1629 1694 1681 (h)
1720 1632 1850 1672 auctor

563 1693 698 1745 alioqui
732 1692 892 1732 minime
923 1703 1064 1742 varim,
1105 1703 1193 1731 cum
1227 1691 1362 1731 Lecho
1395 1689 1723 1733 Commentatoris
1754 1707 1850 1736 con-

564 1757 732 1796 tendunt.
797 1752 891 1794 Inde
926 1765 1020 1794 vero
1052 1767 1074 1794 a
1105 1753 1272 1794 Lescone
1307 1755 1437 1794 omnia
1468 1755 1532 1809 illa
1564 1757 1723 1797 familiae
1747 1755 1848 1800 Kos-

565 1817 698 1875 zyslw,v
736 1829 848 1870 vsque
882 1817 928 1856 ad
960 1816 1096 1857 Piastos
1126 1817 1391 1857 commentitia
1420 1817 1520 1868 sunt,
1557 1832 1625 1859 nec
1656 1820 1706 1860 ita
1737 1829 1846 1862 vete-

562 1883 610 1924 ris
655 1881 868 1921 memoriae
910 1889 1038 1920 tamen
1060 1910 1072 1932 ,
1120 1890 1164 1922 vt
1202 1880 1266 1922 vel
1298 1880 1561 1922 Alexandrum
1605 1883 1667 1923 vel
1705 1882 1846 1926 Iulium

1743 1944 1842 1988 Cae-

658 2052 719 2089 (α)
743 2052 787 2080 Ad
805 2052 841 2081 A·
856 2052 971 2090 0936.
1012 2053 1064 2091 (b)
1086 2059 1208 2100 μιν»,
1233 2052 1286 2093 (c)
1310 2054 1417 2091 P·426.
1458 2053 1515 2094 (ἀ)
1531 2065 1618 2094 p.23.
1661 2032 1715 2094 (ἕ)
1738 2044 1843 2096 ps446.

574 2091 638 2131 (f)
660 2101 685 2130 p.
709 2100 773 2130 159.
799 2130 806 2132 -
837 2093 893 2132 (g)
915 2102 942 2132 p.
962 2095 988 2125 8.
1009 2093 1051 2126 ed.
1074 2092 1232 2126 Dobxozml.
1298 2095 1352 2134 (b)
1375 2095 1516 2138 Annal.p.
1532 2105 1559 2138 ς.
1573 2097 1615 2130 ed.
1631 2096 1761 2141 Dobrom.
