1941 2674
507 47 599 99 39⁸
846 35 1137 87 ORIGINES
1166 31 1469 83 RvssrcAE.

504 166 659 203 morata
696 156 775 198 sunt
796 186 806 206 ,
858 156 1036 196 omnium
1071 154 1215 194 fastidio
1252 152 1479 195 refelluntur.
1559 147 1795 201 Graecorum

511 224 566 264 est
592 234 741 270 nemO,
796 219 856 272 qui
883 218 1082 261 Ruthenos
1104 219 1239 257 dixerit
1259 248 1270 268 ,
1323 217 1423 269 quod
1459 225 1683 268 argumento
1716 215 1797 265 est,

507 287 558 330 ab
584 283 768 338 exemplo
796 283 928 336 populi
951 278 1090 322 Gallici
1119 294 1259 321 nomen
1286 281 1447 329 duxisse,
1485 289 1548 319 aut
1565 291 1614 318 ex
1631 275 1799 318 cicae-

510 350 595 391 saris
626 347 911 388 commentariis
946 354 1007 385 aut
1040 357 1062 383 e
1093 343 1229 384 Plinio.
1307 343 1428 382 Patiar
1460 343 1632 394 equidem
1665 341 1801 396 Ruffos

509 413 617 454 bono
647 410 833 451 vocabulo
865 408 1062 451 Ruthenos
1093 407 1194 447 dici:
1247 415 1329 445 vtar
1360 406 1432 459 ipse
1467 405 1701 458 peruulgato'
1721 405 1800 444 iam

511 476 692 517 nomine:
727 483 765 513 at
798 472 923 526 stirpes
954 471 1072 525 gentis
1101 470 1342 523 Aquitanicae
1374 479 1482 523 atque
1512 467 1682 511 Rufficae
1713 478 1800 509 me-

509 539 723 592 moriasque
752 536 932 577 confundi
965 547 1044 575 non
1078 535 1214 588 patiar.

661 649 764 706 Quas
795 648 906 700 igitur
939 646 1098 700 origines
1138 645 1255 698 gentis
1285 643 1456 687 Rufficae
1485 651 1548 683 aut
1579 642 1642 683 alii
1673 643 1804 684 edide-

511 714 609 762 rint,
647 722 708 753 aut
742 724 810 751 nos
840 711 1061 750 constituere
1092 721 1183 749 vero
1214 721 1326 761 quam
1359 707 1567 749 simillimas
1597 706 1779 759 possimus
1790 710 1805 760 ,‘

510 775 820 817 considerandum
848 774 953 813 duco.
1019 773 1191 812 Primum
1219 772 1296 821 illi,
1330 773 1392 824 qui
1411 770 1545 813 Ruffos
1570 771 1685 809 etiam
1706 770 1803 812 Mo-

511 840 667 880 scouitas
698 839 870 877 dlxerunt
892 867 902 886 ,
956 830 1159 887 Moschum
1189 833 1388 875 Sidonium
1425 832 1698 887 philosophum
1731 845 1803 874 eo-

511 914 598 944 rum
628 903 668 942 in
698 899 906 941 memorias
938 899 1130 938 inuexere.

743 988 934 1033 Bacchum
967 991 1005 1030 in
1036 989 1185 1030 remotis
1216 988 1386 1030 carmina
1417 987 1567 1041 rupibus

745 1058 786 1099 V
784 1061 837 1101 idi
868 1060 1073 1110 dmentem,
1108 1060 1250 1100 credite
1278 1059 1428 1114 posteri:

748 1130 1029 1186 Nymphasque
1062 1127 1234 1184 dfientes
1268 1137 1306 1170 et
1339 1141 1453 1170 aures

745 1198 1005 1257 capripedum
1040 1200 1257 1247 Sam-orum
1291 1208 1439 1242 acutas.

516 1290 660 1345 Neque
691 1290 796 1330 enim
829 1289 922 1331 alius
953 1291 1041 1331 deus
1073 1291 1191 1331 talem
1228 1299 1400 1331 mentem
1433 1291 1561 1331 indere
1593 1291 1700 1333 alicui
1734 1304 1810 1346 po-¹

516 1356 618 1405 tuit,
670 1363 711 1395 vt
741 1354 789 1395 sic
827 1353 1050 1407 caespitaret.
1151 1352 1236 1394 Iam
1271 1354 1356 1408 quid
1387 1355 1511 1394 dicam
1546 1355 1654 1396 illum
1689 1357 1808 1397 Annii

519 1417 761 1460 Viterbienfis
785 1415 993 1467 Berosum,
1026 1417 1204 1471 quoniam
1239 1417 1269 1456 is
1302 1429 1448 1471 quoque
1480 1419 1713 1470 producitur,
1746 1419 1808 1459 cui

519 1494 545 1523 a
578 1479 741 1521 Saturno
773 1478 1000 1531 Babyloniae
1041 1493 1126 1533 rege
1160 1479 1336 1521 moseum
1370 1490 1409 1519 et
1442 1480 1656 1534 Magogum
1687 1483 1805 1522 visum

520 1545 577 1585 est
607 1553 797 1597 repetere,
831 1556 892 1596 qui
925 1543 1089 1584 colonias
1120 1539 1378 1584 deducerent?
1417 1544 1529 1600 Quasi
1561 1545 1635 1584 hoc
1668 1558 1810 1599 propu-

523 1608 628 1647 dium
663 1607 829 1646 nondum
874 1608 951 1647 iam
984 1608 1062 1646 satis
1094 1606 1138 1647 fit
1168 1607 1384 1659 explosum.
1484 1609 1541 1649 At
1575 1609 1712 1648 rursum
1747 1608 1829 1648 alfi‘

521 1670 735 1719 Herodoti,
762 1669 1052 1721 Xenophontis,
1085 1668 1276 1725 Strabonis
1301 1667 1538 1723 Moſjfnaecos
1569 1681 1606 1709 et
1633 1669 1811 1725 Mofihos

522 1743 746 1788 patremque
779 1727 998 1785 Mdechmn
1031 1745 1080 1772 ex
1111 1733 1331 1773 saneriffima
1363 1733 1483 1774 Mosis
1514 1731 1651 1775 Genesi
1681 1731 1825 1775 recor-¹

523 1797 676 1844 dantur,
709 1805 752 1836 vt
775 1795 935 1837 Rufficas
963 1797 1149 1835 inueniant
1175 1797 1346 1848 origines.
1413 1796 1522 1852 Quae
1549 1798 1684 1849 opinio
1709 1798 1809 1838 duo-

523 1872 609 1900 rum
641 1860 714 1898 fere
745 1858 954 1899 seculorum
989 1860 1042 1900 est
1061 1891 1072 1909 ,
1123 1867 1164 1898 vt
1196 1871 1281 1899 eam
1318 1873 1338 1898 a
1371 1859 1521 1899 Polonis
1554 1862 1668 1900 etiam
1701 1873 1818 1911 rece-v

522 1924 623 1977 perit
663 1921 792 1961 auctor
823 1921 1033 1975 Synopteos
1076 1922 1149 1962 siue
1187 1922 1373 1962 Historiae
1403 1922 1633 1968 Ruthenicae
1653 1954 1664 1972 ,
1715 1936 1810 1976 quae

524 1984 728 2030 Slauonico
763 1985 930 2026 sermone
963 1995 1049 2027 ante
1090 1986 1231 2027 multos
1272 1999 1388 2027 annos
1422 1986 1581 2027 Kiouiae
1612 1986 1665 2027 est
1695 1982 1819 2026 edita.'
