1941 2674
337 199 443 229 'rabula
477 200 525 231 lx,

346 244 444 280 Figura
469 252 495 279 4.

532 102 612 137 188
634 95 925 139 INVENTIO
955 91 1258 138 CVRJ'ZRVM
1285 91 1548 134 MAXIM]
1579 92 1796 137 MINIM.

640 212 672 260 ξ.
710 219 782 261 3'5.
825 208 868 251 Si
903 211 1003 251 inter
1035 221 1174 250 omnes
1205 220 1338 249 curuas
1368 207 1505 261 puncta
1538 220 1558 248 o
1589 217 1629 248 et
1660 211 1690 249 z'
1714 210 1810 250 iuri-⁴¹

524 284 655 328 gentes
686 286 730 314 ea
762 274 898 313 debeat
929 273 1202 322 determinari,
1238 273 1276 311 in
1310 284 1379 324 qua
1415 271 1580 311 formula
1609 272 1658 327 Q
1680 284 1808 325 nequev

523 340 571 379 ab
602 350 621 377 s
654 349 776 389 neque
810 335 885 376 alia
916 335 1124 388 quantitate
1143 335 1319 385 integrali
1346 335 1536 386 pendeat,
1569 335 1706 374 debeat
1724 336 1802 375 effe

525 401 747 441 maximum
782 398 847 438 vel
878 398 1117 448 minimum,
1156 406 1242 436 tum
1279 409 1393 437 curua
1436 408 1490 436 oz
1530 397 1662 449 vtique
1703 396 1802 438 hanc

525 461 682 502 habebit
714 461 1018 514 proprietatem,
1052 459 1078 500 fi
1109 459 1191 501 eius
1222 460 1375 512 quaeuis
1406 459 1540 512 portio
1571 471 1624 500 oa
1664 460 1802 501 eadem

526 524 791 578 praerogatiua
823 524 998 576 gaudeat.
1066 522 1124 563 At
1154 521 1181 561 fi
1213 522 1261 579 Q
1283 523 1444 575 pendeat
1485 522 1548 562 vel
1588 522 1636 562 ab
1673 535 1692 563 s
1734 523 1813 564 vel<

526 587 574 628 ab
606 587 680 627 alia
713 587 924 638 quantitate
955 585 1160 637 integrali,
1198 596 1280 625 tum
1315 597 1429 625 curua
1462 596 1516 625 oz
1557 584 1699 625 habere
1731 598 1809 639 po-

527 651 616 689 terit
643 646 779 704 sde
810 649 1030 688 maximum
1063 647 1127 687 vel
1160 648 1397 698 minimum,
1433 648 1580 688 etiamfi
1604 649 1683 689 eius
1700 649 1805 689 nulla

528 712 661 767 portio
692 712 763 751 hac
800 711 1065 765 praerogatiua
1098 712 1284 763 gaudeat,
1315 723 1402 750 cum
1437 710 1617 750 translato
1651 711 1676 751 b
1710 712 1750 752 in
1780 711 1805 753 ἕ

527 783 607 814 tot1
645 785 782 814 curuae
815 775 946 827 portio
980 785 1034 814 cz
1064 772 1182 814 alium
1215 774 1347 812 induat
1383 772 1555 813 valorem
1577 785 1628 812 ex
1648 771 1809 833 sde‚

528 837 593 889 qui
627 836 739 876 valor
773 836 870 875 forte
903 839 1031 876 maior
1070 836 1134 875 vel
1175 837 1307 877 minor
1344 834 1416 874 esse
1458 834 1605 887 potest,
1655 833 1806 879 etiamfi

530 899 643 939 valor
673 899 877 938 elementis
908 898 993 938 abc
1032 909 1260 952 competens
1298 910 1378 937 non
1418 897 1463 937 fit
1503 900 1697 940 maximus
1742 901 1806 941 vel

531 961 732 1001 minimus.
798 960 1070 1016 Quamobrem
1106 961 1134 1002 fi
1164 969 1365 1015 quaeratur
1395 960 1495 998 inter
1512 972 1650 1000 omnes
1675 957 1815 1003 curuas'

529 1022 669 1079 punsta
704 1021 858 1062 definita
890 1034 910 1062 0
940 1032 980 1063 et
1010 1035 1036 1064 z
1067 1024 1264 1076 iungentes
1296 1034 1364 1072 ea,
1400 1022 1439 1060 in
1469 1034 1542 1073 qua
1572 1019 1713 1078 sde
1745 1026 1817 1073 inf

529 1085 710 1125 uoluente
744 1086 793 1141 Q
817 1085 881 1125 vel
922 1098 941 1125 s
982 1086 1046 1126 vel
1083 1086 1201 1126 aliam
1244 1084 1495 1135 quantitatem
1552 1084 1808 1139 integralem,

529 1148 666 1188 debeat
698 1147 771 1188 effe
803 1149 1024 1189 maximum
1056 1149 1339 1197 minimumue‚
1372 1156 1455 1186 tum
1476 1146 1616 1198 pofitio
1635 1147 1810 1188 elemen-

531 1221 660 1250 torum
695 1211 779 1250 abc
811 1222 889 1249 non
927 1223 979 1251 ex
1010 1224 1059 1250 eo
1099 1212 1212 1250 debet
1255 1209 1531 1258 determinari,
1579 1222 1657 1263 quo
1697 1211 1820 1260 valor*

518 1269 666 1330 sde
697 1272 761 1312 ad
785 1284 837 1322 ea
869 1274 1078 1326 applicatus
1117 1272 1184 1313 fiat
1224 1272 1421 1312 maximus
1459 1272 1713 1324 minimusue,
1746 1273 1809 1319 sed

533 1337 662 1388 potius
694 1328 757 1374 illa
795 1321 932 1386 positio
964 1336 1016 1375 est
1052 1335 1288 1387 quaerenda,
1321 1346 1414 1387 quae
1447 1347 1522 1387 pro
1555 1336 1737 1376 omnibus
1755 1337 1813 1376 se-

533 1399 733 1452 quentibus
774 1396 978 1438 elementis
1019 1397 1155 1453 cdefg
1186 1407 1262 1436 etc.
1311 1407 1425 1450 atque
1464 1398 1563 1436 adeo
1612 1410 1687 1451 pro
1724 1408 1811 1440 tota

532 1462 714 1514 portione
755 1471 816 1499 az
855 1470 1013 1514 generet
1053 1451 1275 1501 maximum
1324 1461 1583 1501 minimumue
1633 1461 1810 1502 valorem

532 1523 655 1589 ipfiuss
664 1518 819 1579 sde.
856 1570 857 1574 η

649 1650 680 1698 §.
725 1642 794 1698 36.
825 1644 937 1702 Haec
968 1659 1097 1688 autem
1120 1649 1394 1689 determinatio
1414 1649 1615 1703 pofitionis
1634 1650 1812 1692 elemen-

534 1721 663 1751 torum
699 1712 756 1752 ab
768 1725 788 1751 c
819 1711 987 1764 sequenti
1020 1712 1144 1752 modo
1176 1712 1291 1752 debet
1329 1713 1482 1752 institui.
1549 1713 1758 1755 Translato
1787 1714 1815 1757 b

534 1774 574 1814 in
609 1773 632 1813 {3
665 1773 764 1813 effici
805 1774 949 1824 debet,
991 1782 1036 1813 vt
1080 1774 1218 1815 eadem
1260 1777 1447 1827 quantitas
1470 1771 1612 1832 sde
1649 1785 1730 1818 tam
1768 1779 1808 1818 in

535 1849 690 1875 curnam
727 1835 922 1876 abc---
941 1848 968 1876 z
997 1849 1112 1889 quam
1145 1837 1186 1877 iu
1220 1836 1435 1879 agc---z
1464 1839 1661 1878 redundet.
1730 1840 1812 1881 Po*

533 1898 607 1938 fito
638 1908 765 1938 autem
801 1899 849 1954 Q
873 1898 920 1938 ab
955 1911 975 1939 s
1007 1901 1173 1951 pendere
1205 1910 1250 1940 vt
1285 1900 1327 1940 [it
1370 1900 1813 1958 dquds÷Mdy

536 1960 726 2006 -ὶ-Νιίχ
740 1961 918 2015 -i-Vdp
952 1962 1075 2013 pofito
1108 1963 1161 2015 dy
1173 1963 1344 2017 :pdx,
1374 1966 1448 2004 erit
1472 1963 1686 2005 differentia
1712 1966 1814 2005 inter

536 2023 689 2064 valores
720 2036 857 2065 curuae
890 2024 974 2066 abc
992 2038 1141 2066 *-·-z
1173 2036 1212 2067 et
1243 2038 1381 2067 curuae
1413 2026 1820 2080 assc---zrespon-

1652 2089 1783 2130 dentes
1796 2119 1810 2144 ,
