<?xml version="1.0" encoding="UTF-8"?>
<!DOCTYPE html PUBLIC "-//W3C//DTD XHTML 1.0 Transitional//EN"
    "http://www.w3.org/TR/xhtml1/DTD/xhtml1-transitional.dtd">
<html xmlns="http://www.w3.org/1999/xhtml" xml:lang="en" lang="en">
 <head>
  <title>
</title>
<meta http-equiv="Content-Type" content="text/html;charset=utf-8" />
  <meta name='ocr-system' content='tesseract 3.04.00' />
  <meta name='ocr-capabilities' content='ocr_page ocr_carea ocr_par ocr_line ocrx_word'/>
</head>
<body>
  <div class='ocr_page' id='page_1' title='image "./commentariiacade08impe_0238.png"; bbox 0 0 1941 2674; ppageno 0'>
   <div class='ocr_carea' id='block_1_1' title="bbox 550 96 1301 144">
    <p class='ocr_par' dir='ltr' id='par_1_1' title="bbox 550 96 1301 144">
     <span class='ocr_line' id='line_1_1' title="bbox 550 96 1301 144; baseline 0.004 -2"><span class='ocrx_word' id='word_1_1' title='bbox 550 96 655 144; x_wconf 55' lang='lat'>206&#39;</span> <span class='ocrx_word' id='word_1_2' title='bbox 1028 102 1107 143; x_wconf 86' lang='lat' dir='ltr'>DE</span> <span class='ocrx_word' id='word_1_3' title='bbox 1139 100 1301 144; x_wconf 87' lang='lat' dir='ltr'><em>POMO</em></span> 
     </span>
    </p>
   </div>
   <div class='ocr_carea' id='block_1_2' title="bbox 541 215 1831 1899">
    <p class='ocr_par' dir='ltr' id='par_1_2' title="bbox 541 215 1831 1899">
     <span class='ocr_line' id='line_1_2' title="bbox 545 215 1824 270; baseline 0.002 -13"><span class='ocrx_word' id='word_1_4' title='bbox 545 217 740 270; x_wconf 84' lang='lat' dir='ltr'>parebant.</span> <span class='ocrx_word' id='word_1_5' title='bbox 807 217 940 257; x_wconf 88' lang='lat' dir='ltr'>Flores</span> <span class='ocrx_word' id='word_1_6' title='bbox 975 217 1016 257; x_wconf 89' lang='lat' dir='ltr'>hi</span> <span class='ocrx_word' id='word_1_7' title='bbox 1050 218 1152 258; x_wconf 85' lang='lat' dir='ltr'>male</span> <span class='ocrx_word' id='word_1_8' title='bbox 1184 218 1316 257; x_wconf 87' lang='lat' dir='ltr'>nutriti</span> <span class='ocrx_word' id='word_1_9' title='bbox 1336 215 1470 256; x_wconf 84' lang='lat' dir='ltr'>foliola</span> <span class='ocrx_word' id='word_1_10' title='bbox 1490 216 1548 256; x_wconf 82' lang='lat' dir='ltr'>sua</span> <span class='ocrx_word' id='word_1_11' title='bbox 1568 217 1824 270; x_wconf 75' lang='lat' dir='ltr'>explicabant,</span> 
     </span>
     <span class='ocr_line' id='line_1_3' title="bbox 544 279 1824 333; baseline 0.002 -14"><span class='ocrx_word' id='word_1_12' title='bbox 544 293 612 319; x_wconf 86' lang='lat' dir='ltr'>nec</span> <span class='ocrx_word' id='word_1_13' title='bbox 646 281 847 333; x_wconf 82' lang='lat' dir='ltr'>quicquam</span> <span class='ocrx_word' id='word_1_14' title='bbox 882 281 965 333; x_wconf 77' lang='lat' dir='ltr'>ipsis</span> <span class='ocrx_word' id='word_1_15' title='bbox 1005 282 1133 320; x_wconf 89' lang='lat' dir='ltr'>deerat</span> <span class='ocrx_word' id='word_1_16' title='bbox 1173 282 1220 320; x_wconf 84' lang='lat' dir='ltr'>ad</span> <span class='ocrx_word' id='word_1_17' title='bbox 1263 279 1488 319; x_wconf 61' lang='lat' dir='ltr'>structuram</span> <span class='ocrx_word' id='word_1_18' title='bbox 1543 281 1737 332; x_wconf 82' lang='lat' dir='ltr'>pertinens</span> <span class='ocrx_word' id='word_1_19' title='bbox 1776 283 1824 322; x_wconf 82' lang='lat' dir='ltr'>ad</span> 
     </span>
     <span class='ocr_line' id='line_1_4' title="bbox 543 343 1822 395; baseline 0.002 -14"><span class='ocrx_word' id='word_1_20' title='bbox 543 343 675 382; x_wconf 82' lang='lat' dir='ltr'>iustam</span> <span class='ocrx_word' id='word_1_21' title='bbox 725 344 1001 382; x_wconf 82' lang='lat' dir='ltr'>tantummodo</span> <span class='ocrx_word' id='word_1_22' title='bbox 1053 343 1358 394; x_wconf 75' lang='lat' dir='ltr'>magnitudinem</span> <span class='ocrx_word' id='word_1_23' title='bbox 1411 355 1489 381; x_wconf 89' lang='lat' dir='ltr'>non</span> <span class='ocrx_word' id='word_1_24' title='bbox 1540 343 1822 395; x_wconf 83' lang='lat' dir='ltr'><strong>pertingebant.</strong></span> 
     </span>
     <span class='ocr_line' id='line_1_5' title="bbox 543 404 1825 458; baseline 0 -14"><span class='ocrx_word' id='word_1_25' title='bbox 543 404 823 445; x_wconf 74' lang='lat' dir='ltr'>Mareei&#39;centes</span> <span class='ocrx_word' id='word_1_26' title='bbox 858 406 1111 455; x_wconf 77' lang='lat' dir='ltr'>decidebant,</span> <span class='ocrx_word' id='word_1_27' title='bbox 1145 405 1251 445; x_wconf 91' lang='lat' dir='ltr'>nullo</span> <span class='ocrx_word' id='word_1_28' title='bbox 1270 406 1320 444; x_wconf 83' lang='lat' dir='ltr'>sui</span> <span class='ocrx_word' id='word_1_29' title='bbox 1340 405 1500 457; x_wconf 84' lang='lat' dir='ltr'>vestigio</span> <span class='ocrx_word' id='word_1_30' title='bbox 1521 405 1685 458; x_wconf 66' lang='lat' dir='ltr'>relieto3</span> <span class='ocrx_word' id='word_1_31' title='bbox 1734 417 1825 444; x_wconf 84' lang='lat' dir='ltr'>cor-</span> 
     </span>
     <span class='ocr_line' id='line_1_6' title="bbox 542 468 1828 521; baseline 0.002 -15"><span class='ocrx_word' id='word_1_32' title='bbox 542 478 609 507; x_wconf 81' lang='lat' dir='ltr'>tex</span> <span class='ocrx_word' id='word_1_33' title='bbox 642 480 736 507; x_wconf 80' lang='lat' dir='ltr'>vero</span> <span class='ocrx_word' id='word_1_34' title='bbox 769 481 856 507; x_wconf 83' lang='lat' dir='ltr'>cum</span> <span class='ocrx_word' id='word_1_35' title='bbox 892 469 999 520; x_wconf 84' lang='lat' dir='ltr'>ligno</span> <span class='ocrx_word' id='word_1_36' title='bbox 1035 469 1160 521; x_wconf 79' lang='lat' dir='ltr'>postea</span> <span class='ocrx_word' id='word_1_37' title='bbox 1194 469 1358 507; x_wconf 80' lang='lat' dir='ltr'>exaruit.</span> <span class='ocrx_word' id='word_1_38' title='bbox 1425 468 1569 521; x_wconf 79' lang='lat' dir='ltr'>Ecquis</span> <span class='ocrx_word' id='word_1_39' title='bbox 1612 480 1691 507; x_wconf 89' lang='lat' dir='ltr'>non</span> <span class='ocrx_word' id='word_1_40' title='bbox 1723 468 1828 508; x_wconf 81' lang='lat' dir='ltr'>videt</span> 
     </span>
     <span class='ocr_line' id='line_1_7' title="bbox 544 530 1827 583; baseline 0.001 -14"><span class='ocrx_word' id='word_1_41' title='bbox 544 531 660 569; x_wconf 61' lang='lat' dir='ltr'>flores</span> <span class='ocrx_word' id='word_1_42' title='bbox 694 530 781 570; x_wconf 76' lang='lat' dir='ltr'>istos</span> <span class='ocrx_word' id='word_1_43' title='bbox 816 532 917 571; x_wconf 70' lang='lat' dir='ltr'>fuisse</span> <span class='ocrx_word' id='word_1_44' title='bbox 952 545 1042 581; x_wconf 79' lang='lat' dir='ltr'>cos,</span> <span class='ocrx_word' id='word_1_45' title='bbox 1077 544 1240 583; x_wconf 78' lang='lat' dir='ltr'>qnorum</span> <span class='ocrx_word' id='word_1_46' title='bbox 1274 532 1503 570; x_wconf 78' lang='lat' dir='ltr'>rudimentis</span> <span class='ocrx_word' id='word_1_47' title='bbox 1535 542 1717 582; x_wconf 83' lang='lat' dir='ltr'>gemmae</span> <span class='ocrx_word' id='word_1_48' title='bbox 1735 531 1827 571; x_wconf 83' lang='lat' dir='ltr'>anni</span> 
     </span>
     <span class='ocr_line' id='line_1_8' title="bbox 545 593 1828 645; baseline 0.002 -14"><span class='ocrx_word' id='word_1_49' title='bbox 545 594 748 645; x_wconf 64' lang='lat' dir='ltr'>praeit-ntis</span> <span class='ocrx_word' id='word_1_50' title='bbox 785 595 1040 645; x_wconf 73' lang='lat' dir='ltr'>impraegnari</span> <span class='ocrx_word' id='word_1_51' title='bbox 1074 594 1287 638; x_wconf 61' lang='lat' dir='ltr'>debebant,</span> <span class='ocrx_word' id='word_1_52' title='bbox 1321 594 1387 633; x_wconf 80' lang='lat' dir='ltr'>nisi</span> <span class='ocrx_word' id='word_1_53' title='bbox 1419 605 1517 633; x_wconf 81' lang='lat' dir='ltr'>raml</span> <span class='ocrx_word' id='word_1_54' title='bbox 1550 605 1639 633; x_wconf 90' lang='lat' dir='ltr'>cum</span> <span class='ocrx_word' id='word_1_55' title='bbox 1673 593 1828 633; x_wconf 87' lang='lat' dir='ltr'>surculis</span> 
     </span>
     <span class='ocr_line' id='line_1_9' title="bbox 543 656 1827 711; baseline 0.001 -16"><span class='ocrx_word' id='word_1_56' title='bbox 543 656 695 695; x_wconf 76' lang='lat' dir='ltr'>fuissent</span> <span class='ocrx_word' id='word_1_57' title='bbox 728 656 886 695; x_wconf 62' lang='lat' dir='ltr'>reibeti?</span> <span class='ocrx_word' id='word_1_58' title='bbox 919 657 1116 711; x_wconf 76' lang='lat' dir='ltr'>Quoniam</span> <span class='ocrx_word' id='word_1_59' title='bbox 1152 669 1246 695; x_wconf 86' lang='lat' dir='ltr'>vero</span> <span class='ocrx_word' id='word_1_60' title='bbox 1279 656 1347 695; x_wconf 87' lang='lat' dir='ltr'>soli</span> <span class='ocrx_word' id='word_1_61' title='bbox 1380 656 1517 709; x_wconf 81' lang='lat' dir='ltr'>absque</span> <span class='ocrx_word' id='word_1_62' title='bbox 1558 656 1693 696; x_wconf 84' lang='lat' dir='ltr'>ceteris</span> <span class='ocrx_word' id='word_1_63' title='bbox 1735 668 1827 708; x_wconf 83' lang='lat' dir='ltr'>par-</span> 
     </span>
     <span class='ocr_line' id='line_1_10' title="bbox 544 718 1825 771; baseline 0.001 -14"><span class='ocrx_word' id='word_1_64' title='bbox 544 718 643 757; x_wconf 82' lang='lat' dir='ltr'>tibus</span> <span class='ocrx_word' id='word_1_65' title='bbox 658 749 667 767; x_wconf 66' lang='grc'><em>,</em></span> <span class='ocrx_word' id='word_1_66' title='bbox 701 732 794 770; x_wconf 81' lang='lat' dir='ltr'>quae</span> <span class='ocrx_word' id='word_1_67' title='bbox 818 721 853 757; x_wconf 86' lang='lat' dir='ltr'>in</span> <span class='ocrx_word' id='word_1_68' title='bbox 876 733 1031 771; x_wconf 61' lang='lat' dir='ltr'>gemma</span> <span class='ocrx_word' id='word_1_69' title='bbox 1052 720 1203 770; x_wconf 73' lang='lat' dir='ltr'>grauida</span> <span class='ocrx_word' id='word_1_70' title='bbox 1225 719 1584 770; x_wconf 83' lang='lat' dir='ltr'>deprehenduntur,</span> <span class='ocrx_word' id='word_1_71' title='bbox 1619 719 1825 771; x_wconf 78' lang='lat' dir='ltr'>prodiere,</span> 
     </span>
     <span class='ocr_line' id='line_1_11' title="bbox 545 781 1828 834; baseline 0.001 -15"><span class='ocrx_word' id='word_1_72' title='bbox 545 792 586 820; x_wconf 67' lang='lat' dir='ltr'>vt</span> <span class='ocrx_word' id='word_1_73' title='bbox 619 793 665 819; x_wconf 91' lang='lat' dir='ltr'>ne</span> <span class='ocrx_word' id='word_1_74' title='bbox 700 783 910 820; x_wconf 81' lang='lat' dir='ltr'>minimum</span> <span class='ocrx_word' id='word_1_75' title='bbox 945 784 1100 834; x_wconf 78' lang='lat' dir='ltr'>quidem</span> <span class='ocrx_word' id='word_1_76' title='bbox 1139 783 1288 821; x_wconf 75' lang='lat' dir='ltr'>illarum</span> <span class='ocrx_word' id='word_1_77' title='bbox 1327 782 1527 834; x_wconf 79' lang='lat' dir='ltr'>vestigium</span> <span class='ocrx_word' id='word_1_78' title='bbox 1548 782 1716 834; x_wconf 84' lang='lat' dir='ltr'>conspici</span> <span class='ocrx_word' id='word_1_79' title='bbox 1736 781 1828 834; x_wconf 78' lang='lat' dir='ltr'>pos&#39;-</span> 
     </span>
     <span class='ocr_line' id='line_1_12' title="bbox 542 843 1823 897; baseline 0.001 -15"><span class='ocrx_word' id='word_1_80' title='bbox 542 843 618 893; x_wconf 78' lang='lat' dir='ltr'>set,</span> <span class='ocrx_word' id='word_1_81' title='bbox 653 853 691 881; x_wconf 82' lang='lat' dir='ltr'>et</span> <span class='ocrx_word' id='word_1_82' title='bbox 723 844 924 896; x_wconf 67' lang='lat' dir='ltr'>singulares</span> <span class='ocrx_word' id='word_1_83' title='bbox 956 846 1052 897; x_wconf 78' lang='lat' dir='ltr'>quasi</span> <span class='ocrx_word' id='word_1_84' title='bbox 1087 858 1153 896; x_wconf 83' lang='lat' dir='ltr'>per</span> <span class='ocrx_word' id='word_1_85' title='bbox 1192 845 1381 883; x_wconf 70' lang='lat' dir='ltr'>corticem</span> <span class='ocrx_word' id='word_1_86' title='bbox 1424 845 1654 883; x_wconf 76' lang='lat' dir='ltr'>disseminati</span> <span class='ocrx_word' id='word_1_87' title='bbox 1698 844 1823 896; x_wconf 83' lang='lat' dir='ltr'>fuere,</span> 
     </span>
     <span class='ocr_line' id='line_1_13' title="bbox 542 906 1826 958; baseline 0.002 -14"><span class='ocrx_word' id='word_1_88' title='bbox 542 907 633 958; x_wconf 84' lang='lat' dir='ltr'>quin</span> <span class='ocrx_word' id='word_1_89' title='bbox 665 919 684 945; x_wconf 86' lang='lat' dir='ltr'>a</span> <span class='ocrx_word' id='word_1_90' title='bbox 723 908 951 946; x_wconf 79' lang='lat' dir='ltr'>rudimentis</span> <span class='ocrx_word' id='word_1_91' title='bbox 981 919 1225 958; x_wconf 82' lang='lat' dir='ltr'>gemmarum</span> <span class='ocrx_word' id='word_1_92' title='bbox 1261 908 1413 946; x_wconf 82' lang='lat' dir='ltr'>discreti</span> <span class='ocrx_word' id='word_1_93' title='bbox 1447 909 1486 946; x_wconf 91' lang='lat' dir='ltr'>in</span> <span class='ocrx_word' id='word_1_94' title='bbox 1520 906 1692 946; x_wconf 81' lang='lat' dir='ltr'>vtriculis</span> <span class='ocrx_word' id='word_1_95' title='bbox 1712 919 1826 958; x_wconf 82' lang='lat' dir='ltr'>repe-</span> 
     </span>
     <span class='ocr_line' id='line_1_14' title="bbox 541 968 1829 1022; baseline 0.001 -15"><span class='ocrx_word' id='word_1_96' title='bbox 541 968 709 1018; x_wconf 77' lang='lat' dir='ltr'>riantur,</span> <span class='ocrx_word' id='word_1_97' title='bbox 744 970 845 1007; x_wconf 83' lang='lat' dir='ltr'>vnde</span> <span class='ocrx_word' id='word_1_98' title='bbox 878 981 1053 1020; x_wconf 84' lang='lat' dir='ltr'>gemmas</span> <span class='ocrx_word' id='word_1_99' title='bbox 1101 983 1167 1022; x_wconf 85' lang='lat' dir='ltr'>per</span> <span class='ocrx_word' id='word_1_100' title='bbox 1207 968 1407 1008; x_wconf 72' lang='lat' dir='ltr'>fistuloffim</span> <span class='ocrx_word' id='word_1_101' title='bbox 1449 969 1688 1008; x_wconf 86' lang='lat' dir='ltr'>substantiam</span> <span class='ocrx_word' id='word_1_102' title='bbox 1730 969 1829 1021; x_wconf 83' lang='lat' dir='ltr'>ligni</span> 
     </span>
     <span class='ocr_line' id='line_1_15' title="bbox 541 1031 1827 1084; baseline 0.002 -16"><span class='ocrx_word' id='word_1_103' title='bbox 541 1043 796 1082; x_wconf 67' lang='lat' dir='ltr'>prorumpere</span> <span class='ocrx_word' id='word_1_104' title='bbox 817 1031 923 1083; x_wconf 80' lang='lat' dir='ltr'>supri</span> <span class='ocrx_word' id='word_1_105' title='bbox 944 1033 1140 1081; x_wconf 77' lang='lat' dir='ltr'>diximus,</span> <span class='ocrx_word' id='word_1_106' title='bbox 1174 1032 1337 1071; x_wconf 84' lang='lat' dir='ltr'>dubitari</span> <span class='ocrx_word' id='word_1_107' title='bbox 1360 1031 1461 1071; x_wconf 86' lang='lat' dir='ltr'>haud</span> <span class='ocrx_word' id='word_1_108' title='bbox 1480 1044 1668 1084; x_wconf 82' lang='lat' dir='ltr'>quaquam</span> <span class='ocrx_word' id='word_1_109' title='bbox 1691 1033 1827 1084; x_wconf 86' lang='lat' dir='ltr'>potest.</span> 
     </span>
     <span class='ocr_line' id='line_1_16' title="bbox 541 1092 1828 1146; baseline 0.002 -14"><span class='ocrx_word' id='word_1_110' title='bbox 541 1092 681 1132; x_wconf 81' lang='lat' dir='ltr'>Obiter</span> <span class='ocrx_word' id='word_1_111' title='bbox 713 1092 955 1133; x_wconf 79' lang='lat' dir='ltr'>obsernamus</span> <span class='ocrx_word' id='word_1_112' title='bbox 988 1096 1203 1133; x_wconf 87' lang='lat' dir='ltr'>rudimenta</span> <span class='ocrx_word' id='word_1_113' title='bbox 1237 1106 1509 1146; x_wconf 82' lang='lat' dir='ltr'>gemmarum,</span> <span class='ocrx_word' id='word_1_114' title='bbox 1544 1105 1639 1146; x_wconf 88' lang='lat' dir='ltr'>quae</span> <span class='ocrx_word' id='word_1_115' title='bbox 1659 1093 1737 1132; x_wconf 88' lang='lat' dir='ltr'>hoc</span> <span class='ocrx_word' id='word_1_116' title='bbox 1757 1107 1828 1134; x_wconf 82' lang='lat' dir='ltr'>an-</span> 
     </span>
     <span class='ocr_line' id='line_1_17' title="bbox 542 1156 1825 1208; baseline 0.002 -15"><span class='ocrx_word' id='word_1_117' title='bbox 542 1168 595 1194; x_wconf 80' lang='lat' dir='ltr'>nu</span> <span class='ocrx_word' id='word_1_118' title='bbox 629 1167 858 1208; x_wconf 78' lang='lat' dir='ltr'>erumpunt,</span> <span class='ocrx_word' id='word_1_119' title='bbox 894 1169 963 1196; x_wconf 85' lang='lat' dir='ltr'>nec</span> <span class='ocrx_word' id='word_1_120' title='bbox 999 1170 1074 1195; x_wconf 89' lang='lat' dir='ltr'>non</span> <span class='ocrx_word' id='word_1_121' title='bbox 1110 1158 1326 1196; x_wconf 76' lang='lat' dir='ltr'>rudimenta</span> <span class='ocrx_word' id='word_1_122' title='bbox 1359 1156 1527 1207; x_wconf 87' lang='lat' dir='ltr'>florum,</span> <span class='ocrx_word' id='word_1_123' title='bbox 1569 1156 1704 1208; x_wconf 83' lang='lat' dir='ltr'>quibus</span> <span class='ocrx_word' id='word_1_124' title='bbox 1744 1156 1825 1196; x_wconf 88' lang='lat' dir='ltr'>im-</span> 
     </span>
     <span class='ocr_line' id='line_1_18' title="bbox 542 1218 1828 1272; baseline 0.003 -16"><span class='ocrx_word' id='word_1_125' title='bbox 542 1228 818 1270; x_wconf 80' lang='lat' dir='ltr'>praegnantur,</span> <span class='ocrx_word' id='word_1_126' title='bbox 854 1220 929 1258; x_wconf 87' lang='lat' dir='ltr'>iam</span> <span class='ocrx_word' id='word_1_127' title='bbox 968 1221 1094 1270; x_wconf 83' lang='lat' dir='ltr'>genita</span> <span class='ocrx_word' id='word_1_128' title='bbox 1128 1219 1234 1259; x_wconf 74' lang='lat' dir='ltr'>fuisse</span> <span class='ocrx_word' id='word_1_129' title='bbox 1266 1232 1368 1259; x_wconf 81' lang='lat' dir='ltr'>anno</span> <span class='ocrx_word' id='word_1_130' title='bbox 1388 1218 1607 1272; x_wconf 78' lang='lat' dir='ltr'>superiore,</span> <span class='ocrx_word' id='word_1_131' title='bbox 1640 1220 1828 1271; x_wconf 81' lang='lat' dir='ltr'>quemad-</span> 
     </span>
     <span class='ocr_line' id='line_1_19' title="bbox 542 1282 1827 1334; baseline 0.002 -15"><span class='ocrx_word' id='word_1_132' title='bbox 542 1282 706 1320; x_wconf 79' lang='lat' dir='ltr'>modum</span> <span class='ocrx_word' id='word_1_133' title='bbox 743 1291 782 1320; x_wconf 88' lang='lat' dir='ltr'>ct</span> <span class='ocrx_word' id='word_1_134' title='bbox 814 1283 1118 1329; x_wconf 81' lang='lat' dir='ltr'>nutrimentum,</span> <span class='ocrx_word' id='word_1_135' title='bbox 1155 1295 1232 1334; x_wconf 84' lang='lat' dir='ltr'>quo</span> <span class='ocrx_word' id='word_1_136' title='bbox 1271 1294 1453 1333; x_wconf 75' lang='lat' dir='ltr'>gemmae</span> <span class='ocrx_word' id='word_1_137' title='bbox 1492 1294 1595 1322; x_wconf 87' lang='lat' dir='ltr'>anno</span> <span class='ocrx_word' id='word_1_138' title='bbox 1636 1282 1827 1334; x_wconf 86' lang='lat' dir='ltr'>superiore</span> 
     </span>
     <span class='ocr_line' id='line_1_20' title="bbox 542 1343 1827 1397; baseline 0.002 -16"><span class='ocrx_word' id='word_1_139' title='bbox 542 1343 734 1395; x_wconf 74' lang='lat' dir='ltr'>protruiae</span> <span class='ocrx_word' id='word_1_140' title='bbox 769 1344 961 1396; x_wconf 72' lang='lat' dir='ltr'>praesente</span> <span class='ocrx_word' id='word_1_141' title='bbox 994 1344 1310 1396; x_wconf 78' lang='lat' dir='ltr'>explicabuntur,</span> <span class='ocrx_word' id='word_1_142' title='bbox 1351 1357 1455 1384; x_wconf 82' lang='lat' dir='ltr'>anno</span> <span class='ocrx_word' id='word_1_143' title='bbox 1502 1345 1695 1397; x_wconf 83' lang='lat' dir='ltr'>superiore</span> <span class='ocrx_word' id='word_1_144' title='bbox 1747 1345 1827 1385; x_wconf 86' lang='lat' dir='ltr'>iam</span> 
     </span>
     <span class='ocr_line' id='line_1_21' title="bbox 543 1405 1827 1458; baseline 0.003 -14"><span class='ocrx_word' id='word_1_145' title='bbox 543 1416 808 1458; x_wconf 80' lang='lat' dir='ltr'>praeparatum</span> <span class='ocrx_word' id='word_1_146' title='bbox 842 1405 911 1445; x_wconf 86' lang='lat' dir='ltr'>fuit</span> <span class='ocrx_word' id='word_1_147' title='bbox 953 1416 992 1445; x_wconf 92' lang='lat' dir='ltr'>et</span> <span class='ocrx_word' id='word_1_148' title='bbox 1039 1409 1076 1445; x_wconf 90' lang='lat' dir='ltr'>in</span> <span class='ocrx_word' id='word_1_149' title='bbox 1131 1407 1304 1447; x_wconf 86' lang='lat' dir='ltr'>vtriculis</span> <span class='ocrx_word' id='word_1_150' title='bbox 1353 1407 1554 1448; x_wconf 79' lang='lat' dir='ltr'>afleruatur</span> <span class='ocrx_word' id='word_1_151' title='bbox 1604 1407 1679 1447; x_wconf 85' lang='lat' dir='ltr'>hoc</span> <span class='ocrx_word' id='word_1_152' title='bbox 1725 1420 1827 1448; x_wconf 79' lang='lat' dir='ltr'>anno</span> 
     </span>
     <span class='ocr_line' id='line_1_22' title="bbox 542 1468 1828 1524; baseline 0.003 -17"><span class='ocrx_word' id='word_1_153' title='bbox 542 1468 692 1508; x_wconf 88' lang='lat' dir='ltr'>nounifi</span> <span class='ocrx_word' id='word_1_154' title='bbox 725 1469 949 1508; x_wconf 83' lang='lat' dir='ltr'>diluendum</span> <span class='ocrx_word' id='word_1_155' title='bbox 992 1479 1031 1508; x_wconf 92' lang='lat' dir='ltr'>et</span> <span class='ocrx_word' id='word_1_156' title='bbox 1074 1483 1142 1522; x_wconf 86' lang='lat' dir='ltr'>per</span> <span class='ocrx_word' id='word_1_157' title='bbox 1187 1469 1324 1510; x_wconf 80' lang='lat' dir='ltr'>fistulas</span> <span class='ocrx_word' id='word_1_158' title='bbox 1364 1471 1411 1511; x_wconf 85' lang='lat' dir='ltr'>ad</span> <span class='ocrx_word' id='word_1_159' title='bbox 1461 1481 1586 1524; x_wconf 82' lang='lat' dir='ltr'>partes</span> <span class='ocrx_word' id='word_1_160' title='bbox 1629 1472 1828 1522; x_wconf 82' lang='lat' dir='ltr'>organicas</span> 
     </span>
     <span class='ocr_line' id='line_1_23' title="bbox 544 1531 1827 1586; baseline 0.003 -17"><span class='ocrx_word' id='word_1_161' title='bbox 544 1531 792 1582; x_wconf 67' lang='lat' dir='ltr'>explicandas</span> <span class='ocrx_word' id='word_1_162' title='bbox 832 1532 1121 1572; x_wconf 79' lang='lat' dir='ltr'>aduehendum:</span> <span class='ocrx_word' id='word_1_163' title='bbox 1162 1533 1202 1572; x_wconf 90' lang='lat' dir='ltr'>id</span> <span class='ocrx_word' id='word_1_164' title='bbox 1236 1534 1336 1586; x_wconf 89' lang='lat' dir='ltr'>quod</span> <span class='ocrx_word' id='word_1_165' title='bbox 1376 1533 1416 1573; x_wconf 90' lang='lat' dir='ltr'>in</span> <span class='ocrx_word' id='word_1_166' title='bbox 1455 1533 1649 1586; x_wconf 77' lang='lat' dir='ltr'>praesente</span> <span class='ocrx_word' id='word_1_167' title='bbox 1696 1534 1827 1574; x_wconf 90' lang='lat' dir='ltr'>multis</span> 
     </span>
     <span class='ocr_line' id='line_1_24' title="bbox 543 1594 1830 1645; baseline 0.002 -12"><span class='ocrx_word' id='word_1_168' title='bbox 543 1594 730 1633; x_wconf 81' lang='lat' dir='ltr'>adstruere</span> <span class='ocrx_word' id='word_1_169' title='bbox 763 1607 841 1634; x_wconf 89' lang='lat' dir='ltr'>non</span> <span class='ocrx_word' id='word_1_170' title='bbox 877 1595 990 1645; x_wconf 79' lang='lat' dir='ltr'>licet,</span> <span class='ocrx_word' id='word_1_171' title='bbox 1023 1596 1070 1635; x_wconf 83' lang='lat' dir='ltr'>ab</span> <span class='ocrx_word' id='word_1_172' title='bbox 1104 1605 1252 1636; x_wconf 81' lang='lat' dir='ltr'>attento</span> <span class='ocrx_word' id='word_1_173' title='bbox 1284 1608 1412 1635; x_wconf 90' lang='lat' dir='ltr'>rerum</span> <span class='ocrx_word' id='word_1_174' title='bbox 1446 1596 1674 1636; x_wconf 77' lang='lat' dir='ltr'>naturalium</span> <span class='ocrx_word' id='word_1_175' title='bbox 1697 1595 1830 1636; x_wconf 82' lang='lat' dir='ltr'>obser-</span> 
     </span>
     <span class='ocr_line' id='line_1_25' title="bbox 544 1656 1828 1711; baseline 0.002 -15"><span class='ocrx_word' id='word_1_176' title='bbox 544 1665 676 1696; x_wconf 82' lang='lat' dir='ltr'>uatore</span> <span class='ocrx_word' id='word_1_177' title='bbox 708 1656 818 1697; x_wconf 70' lang='lat' dir='ltr'>facile</span> <span class='ocrx_word' id='word_1_178' title='bbox 854 1659 1264 1710; x_wconf 72' lang='lat' dir='ltr'>animaduertendum,</span> <span class='ocrx_word' id='word_1_179' title='bbox 1297 1671 1388 1699; x_wconf 91' lang='lat' dir='ltr'>cum</span> <span class='ocrx_word' id='word_1_180' title='bbox 1433 1658 1635 1699; x_wconf 71' lang='lat' dir='ltr'>vniueriali</span> <span class='ocrx_word' id='word_1_181' title='bbox 1676 1658 1828 1711; x_wconf 80' lang='lat' dir='ltr'>planta-</span> 
     </span>
     <span class='ocr_line' id='line_1_26' title="bbox 543 1721 1831 1774; baseline 0.004 -16"><span class='ocrx_word' id='word_1_182' title='bbox 543 1731 631 1759; x_wconf 89' lang='lat' dir='ltr'>rum</span> <span class='ocrx_word' id='word_1_183' title='bbox 664 1721 845 1760; x_wconf 89' lang='lat' dir='ltr'>omnium</span> <span class='ocrx_word' id='word_1_184' title='bbox 883 1721 1063 1761; x_wconf 81' lang='lat' dir='ltr'>consensu</span> <span class='ocrx_word' id='word_1_185' title='bbox 1095 1723 1259 1770; x_wconf 83' lang='lat' dir='ltr'>nitatur,</span> <span class='ocrx_word' id='word_1_186' title='bbox 1292 1734 1388 1774; x_wconf 84' lang='lat' dir='ltr'>quae</span> <span class='ocrx_word' id='word_1_187' title='bbox 1421 1733 1501 1762; x_wconf 92' lang='lat' dir='ltr'>non</span> <span class='ocrx_word' id='word_1_188' title='bbox 1538 1722 1671 1774; x_wconf 89' lang='lat' dir='ltr'>primo</span> <span class='ocrx_word' id='word_1_189' title='bbox 1702 1721 1831 1763; x_wconf 81' lang='lat' dir='ltr'>statim</span> 
     </span>
     <span class='ocr_line' id='line_1_27' title="bbox 545 1782 1828 1838; baseline 0.003 -17"><span class='ocrx_word' id='word_1_190' title='bbox 545 1794 648 1821; x_wconf 83' lang='lat' dir='ltr'>anno</span> <span class='ocrx_word' id='word_1_191' title='bbox 685 1782 827 1822; x_wconf 82' lang='lat' dir='ltr'>semina</span> <span class='ocrx_word' id='word_1_192' title='bbox 861 1784 999 1834; x_wconf 78' lang='lat' dir='ltr'>edunt,</span> <span class='ocrx_word' id='word_1_193' title='bbox 1035 1793 1146 1837; x_wconf 80' lang='lat' dir='ltr'>atque</span> <span class='ocrx_word' id='word_1_194' title='bbox 1186 1785 1451 1838; x_wconf 82' lang='lat' dir='ltr'>emoriuntur,</span> <span class='ocrx_word' id='word_1_195' title='bbox 1495 1794 1581 1825; x_wconf 88' lang='lat' dir='ltr'>vtut</span> <span class='ocrx_word' id='word_1_196' title='bbox 1619 1785 1739 1826; x_wconf 86' lang='lat' dir='ltr'>etiam</span> <span class='ocrx_word' id='word_1_197' title='bbox 1787 1785 1828 1825; x_wconf 85' lang='lat' dir='ltr'>in</span> 
     </span>
     <span class='ocr_line' id='line_1_28' title="bbox 544 1844 1266 1899; baseline 0.003 -15"><span class='ocrx_word' id='word_1_198' title='bbox 544 1844 604 1884; x_wconf 81' lang='lat' dir='ltr'>his</span> <span class='ocrx_word' id='word_1_199' title='bbox 636 1845 789 1898; x_wconf 79' lang='lat' dir='ltr'>analogi</span> <span class='ocrx_word' id='word_1_200' title='bbox 822 1847 1002 1899; x_wconf 82' lang='lat' dir='ltr'>quiddam</span> <span class='ocrx_word' id='word_1_201' title='bbox 1035 1847 1266 1888; x_wconf 84' lang='lat' dir='ltr'>obseruetur.</span> 
     </span>
    </p>
   </div>
   <div class='ocr_carea' id='block_1_3' title="bbox 545 1970 1831 2156">
    <p class='ocr_par' dir='ltr' id='par_1_3' title="bbox 545 1970 1831 2156">
     <span class='ocr_line' id='line_1_29' title="bbox 662 1970 1830 2029; baseline 0.003 -19"><span class='ocrx_word' id='word_1_202' title='bbox 662 1970 791 2024; x_wconf 84' lang='lat' dir='ltr'>Atque</span> <span class='ocrx_word' id='word_1_203' title='bbox 825 1972 920 2012; x_wconf 86' lang='lat' dir='ltr'>haec</span> <span class='ocrx_word' id='word_1_204' title='bbox 955 1973 1139 2026; x_wconf 75' lang='lat' dir='ltr'>principia</span> <span class='ocrx_word' id='word_1_205' title='bbox 1174 1975 1339 2015; x_wconf 82' lang='lat' dir='ltr'>minime</span> <span class='ocrx_word' id='word_1_206' title='bbox 1371 1974 1561 2025; x_wconf 55' lang='lat' dir='ltr'>confidi-a,</span> <span class='ocrx_word' id='word_1_207' title='bbox 1594 1974 1721 2029; x_wconf 86' lang='lat' dir='ltr'>quales</span> <span class='ocrx_word' id='word_1_208' title='bbox 1739 1974 1830 2014; x_wconf 84' lang='lat' dir='ltr'>vul-</span> 
     </span>
     <span class='ocr_line' id='line_1_30' title="bbox 545 2033 1828 2093; baseline 0.002 -20"><span class='ocrx_word' id='word_1_209' title='bbox 545 2045 598 2086; x_wconf 85' lang='lat' dir='ltr'>go</span> <span class='ocrx_word' id='word_1_210' title='bbox 633 2033 715 2074; x_wconf 90' lang='lat' dir='ltr'>sunt</span> <span class='ocrx_word' id='word_1_211' title='bbox 749 2034 1000 2087; x_wconf 82' lang='lat' dir='ltr'>Phyficorum</span> <span class='ocrx_word' id='word_1_212' title='bbox 1033 2036 1287 2092; x_wconf 81' lang='lat' dir='ltr'>hypotheses,</span> <span class='ocrx_word' id='word_1_213' title='bbox 1327 2035 1388 2078; x_wconf 86' lang='lat' dir='ltr'>sed</span> <span class='ocrx_word' id='word_1_214' title='bbox 1430 2039 1690 2093; x_wconf 81' lang='lat' dir='ltr'>experientiae</span> <span class='ocrx_word' id='word_1_215' title='bbox 1729 2050 1828 2077; x_wconf 75' lang='lat' dir='ltr'>con-</span> 
     </span>
     <span class='ocr_line' id='line_1_31' title="bbox 1711 2113 1831 2156; baseline 0.008 -16"><span class='ocrx_word' id='word_1_216' title='bbox 1711 2113 1802 2156; x_wconf 85' lang='lat' dir='ltr'>grua</span> <span class='ocrx_word' id='word_1_217' title='bbox 1818 2130 1831 2154; x_wconf 89' lang='lat'>‚</span> 
     </span>
    </p>
   </div>
  </div>
 </body>
</html>
