1941 2674
395 86 663 132 NONDVM
702 86 1053 138 DESCRIPTls.
1295 101 1379 142 ¹23

94 204 355 256 rizontalcm,
388 206 493 259 quod
528 206 634 247 idem
667 206 834 247 minime
869 206 942 259 fit,
975 218 1066 247 cum
1099 218 1217 261 aquae
1262 209 1388 248 verti-

94 272 228 312 caliter
261 269 437 308 effluunt.
502 268 685 323 Denique
717 269 795 309 hoc
830 271 953 309 modo
996 281 1115 323 aquae
1159 272 1249 311 dum
1293 283 1386 324 prae

95 332 288 375 foramine
322 332 350 371 F
382 332 420 370 in
456 331 615 384 planum
648 333 847 373 incurrunt
879 333 1008 372 eidem
1044 344 1123 373 non
1157 333 1385 385 adhaerent,

94 406 207 450 atque
244 395 271 435 si
305 394 512 434 adhaerent
544 396 584 435 in
616 395 746 435 nostro
790 397 1067 448 experimento
1108 397 1250 436 nullius
1294 410 1391 438 mo·-

95 460 219 501 menti
252 457 403 508 forent,
437 471 533 510 quae
566 457 659 498 alias
689 458 756 498 suo
789 459 960 510 pondere
984 460 1303 511 experimentum
1324 473 1392 500 ac-

97 531 228 563 curate
268 520 490 560 sumendum
541 520 708 560 turbant.
774 519 882 559 Haec
923 520 964 559 in
1005 520 1111 561 causa
1151 521 1244 561 suntv
1282 523 1388 575 quod

96 586 223 641 potius
254 583 357 623 iactu
392 582 631 622 horizontali
662 593 775 634 quam
809 581 986 622 verticuli
1020 582 1105 623 vsus
1136 584 1234 624 sum.
1280 585 1389 626 Tum

97 649 218 689 etiam
248 646 296 686 ad
316 645 629 698 experimentum
649 643 932 697 requirebatur,
957 655 1001 684 vt
1019 646 1298 698 cognoscerem
1318 659 1393 687 ve-

100 712 302 753 iocitatem
336 707 480 748 realem
513 719 698 760 aquarum
731 706 772 746 in
814 707 846 748 F
889 706 1213 762 altitudinemque
1258 710 1390 750 eidem

98 774 291 815 debitam:
325 770 422 810 hanc
453 781 552 809 vero
583 769 734 810 obtinui
766 782 818 810 ex
849 769 1059 812 obseruatis
1094 772 1197 824 prius
1216 772 1392 813 altitudi-

100 849 149 878 ne
181 831 353 875 verticali
387 829 465 872 FG
500 841 541 871 et
573 831 831 885 ampli-tudine
861 833 982 873 iactus
1015 833 1256 876 horizontali
1287 833 1389 876 GH:

97 907 238 941 notum
267 895 375 936 enim
410 895 489 947 est,
521 894 768 936 altitudinem
808 895 1010 937 velocitati
1050 910 1237 951 aquarum
1277 898 1318 939 in
1360 899 1392 940 F

99 977 271 1020 debitam
304 972 380 1016 eise
412 975 616 1030 aequalem
650 959 762 1031 ἐξ.
825 975 923 1017 Erat
953 985 1085 1018 autem
1119 974 1202 1019 FG
1224 989 1280 1017 z:
1301 960 1393 1029 906

98 1057 198 1104 part.
236 1057 281 1088 vt
313 1057 353 1087 et
386 1044 638 1097 GH3900
660 1056 761 1099 part.
795 1046 900 1088 vnde
931 1047 1095 1088 altitudo
1135 1062 1212 1103 pro,
1240 1049 1396 1094 veloci-

97 1121 177 1153 tate
208 1123 392 1166 aquarum
429 1109 672 1150 effluentium
708 1109 925 1163 generanda
957 1110 1157 1152 deducitur
1179 1122 1262 1160 225
1287 1121 1390 1165 part.

97 1176 333 1216 diametmm
360 1181 491 1214 autem
519 1172 600 1213 tubi
627 1172 705 1223 EF
733 1173 953 1213 inuenimus
985 1185 1106 1224 :219
1144 1183 1242 1227 part.
1306 1173 1394 1228 Igi-

98 1247 160 1280 tur
191 1237 372 1291 cylindrus
406 1247 541 1291 aqueus
573 1234 756 1276 correHus
788 1234 855 1276 hic
886 1236 1124 1277 diametrum
1158 1237 1250 1279 basis
1275 1236 1396 1278 habet

106 1314 174 1352 19.
194 1310 292 1355 part.
326 1309 365 1340 et
398 1300 646 1340 altitudinem
688 1308 789 1347 225.
813 1307 912 1352 part.
944 1308 1056 1352 atque
1087 1298 1194 1352 supra
1221 1301 1396 1342 vidimus

101 1364 253 1421 pondus
288 1362 373 1402 talis
403 1362 564 1413 cylindri
597 1357 673 1400 effe
711 1364 732 1399 8
750 1391 760 1411 ‚
784 1371 890 1410 937.
916 1361 1206 1404 drachmarum.
1276 1363 1399 1404 Porro

101 1426 259 1467 vectem
290 1424 533 1466 adhibuimus
564 1423 829 1476 rectangulum
864 1423 1011 1466 LMN
1033 1424 1118 1465 satis
1135 1426 1266 1467 leuem
1287 1436 1398 1480 atque

101 1489 302 1530 liberrime
334 1487 528 1528 mobilem
564 1487 664 1527 circa
696 1498 813 1526 axem
859 1488 899 1527 in
943 1488 980 1530 R
1026 1489 1399 1541 perpendiculariter

103 1553 151 1594 ad
183 1551 342 1605 planum
380 1550 502 1591 vectis
538 1549 793 1590 transfixum:
829 1550 1016 1603 punc'tum
1064 1560 1197 1592 autem
1238 1553 1276 1594 R
1320 1550 1400 1592 tale

106 1615 313 1657 assumtum
346 1611 490 1664 suerat,
524 1621 568 1652 vt
599 1612 685 1653 litus
717 1612 873 1653 alterius
904 1613 1022 1654 cruris
1060 1611 1154 1655 esset
1195 1615 1236 1655 in
1281 1614 1397 1655 vecte

107 1678 174 1720 fibi
207 1677 346 1717 relieto
377 1675 655 1727 horizontalis,
689 1674 846 1716 alterius
876 1675 1089 1717 verticalis:
1121 1677 1198 1719 PL
1245 1678 1400 1719 diame-

109 1750 170 1782 ter
201 1739 255 1780 est
285 1738 451 1780 orbiculi
484 1738 591 1792 plani
627 1751 772 1778 venam
809 1738 849 1778 in
882 1747 1018 1780 centro
1051 1740 1118 1780 suo
1145 1742 1403 1795 perpendicu-

111 1804 242 1845 lariter
274 1802 520 1855 excipientis:
561 1801 602 1841 in
643 1800 736 1857 QN
778 1811 908 1842 autem
946 1801 1044 1842 alius
1085 1813 1168 1844 erat
1207 1804 1403 1844 orbiculus

109 1865 410 1908 horizontaliter
441 1864 606 1918 pofituS,
642 1865 704 1905 cui
736 1864 971 1918 ponduscula
1012 1864 1279 1920 superimponi
1312 1866 1402 1921 pos—

110 1929 217 1981 sent,
249 1936 384 1982 quanta
421 1928 705 1980 requirerentur
736 1928 777 1966 in
809 1928 1108 1983 experimento,
1142 1939 1185 1970 vt
1216 1930 1303 1971 situs
1330 1941 1404 1970 ve·-

110 1994 184 2038 e'tis
220 1990 386 2034 naturali
422 1989 556 2033 similis
592 1990 686 2032 esset
721 1990 818 2030 dum
851 2002 998 2032 venam
1045 1993 1265 2048 exciperet:
1308 2004 1389 2032 cen<

694 2053 744 2110 Q
770 2065 794 2091 2
1289 2065 1395 2097 trum
