1941 2674
174 97 255 139 DE
286 97 651 158 QJI4NT1TATE
688 95 896 139 MOTVS
928 94 1261 140 SANGVINIS.
1284 109 1378 152 339

54 213 233 254 oriuntur
268 217 314 255 nd
353 215 566 257 sectionum
604 224 828 255 truncorum
869 214 1011 267 *bique
1048 215 1213 256 eandem
1251 215 1378 258 ratio-

54 289 145 318 nem
184 278 375 331 haberet,
426 280 572 333 (polita
617 280 768 318 ratione
815 279 1047 318 diuifionum
1097 277 1296 330 :A:B‚
1333 287 1376 320 et

53 352 219 379 numero
258 343 491 382 diuifionum
538 347 649 391 :n)
696 341 884 380 velocitas
928 342 968 380 in
1012 343 1141 394 prima
1187 343 1375 382 diuifione

51 404 99 442 ad
137 404 384 444 velocitatem
424 407 462 444 in
509 406 648 445 Vltima
693 403 794 443 soret
830 417 886 444 :z
913 403 1171 455 1:<A:B)⁸.
1235 405 1291 446 Et
1329 405 1373 445 in

50 476 216 517 genere,
256 468 373 519 posita
406 469 555 507 ratione
575 467 804 507 diuislonum
827 477 865 506 et
886 465 1097 507 sectionum
1127 479 1377 520 quacunque:

51 530 150 567 foret
186 529 433 578 adhucdum,
480 531 622 569 codcm
662 540 840 582 tcmpore
878 530 1066 570 velocitas
1103 529 1291 582 sanguinis
1334 530 1377 569 in

49 603 164 630 ramo
202 605 429 644 quocunque
465 593 512 631 ad
550 593 802 631 xclocitatcm
841 592 880 630 in
919 603 1053 642 norm,
1091 593 1150 632 vti
1179 592 1231 632 est
1257 591 1376 632 sectio

49 663 181 692 aortae
218 655 264 694 ad
304 655 495 694 summam
535 654 747 695 sectionum
788 655 965 694 omnium
1006 667 1210 695 mmorum
1246 655 1286 694 in
1306 654 1378 694 iis-

48 716 140 756 dem
180 716 228 756 ab
264 728 371 756 :torta
409 717 608 756 distantiis.
676 717 826 756 Verum
866 718 986 756 etiam
1027 728 1071 756 ac
1099 716 1259 757 firmum
1281 728 1377 769 pet·-

46 779 160 819 st-.1ret
196 779 426 819 Iurinianum
468 779 560 818 illud
603 777 896 828 Corollarium,
932 779 1037 831 quod
1077 779 1177 819 datis
1215 779 1374 832 quibus-

45 852 192 893 cunque
225 843 373 880 arteriis
404 841 501 880 binis
533 841 733 893 aequalem
767 839 959 891 fimguinis
993 841 1144 882 molem
1173 841 1376 881 transmit·-

45 903 213 944 tentibus
253 904 383 944 maior
425 905 596 957 impetus
637 903 826 955 fimguinis
878 903 1020 943 futurus
1060 903 1103 944 fit
1148 903 1189 943 in
1232 903 1375 944 arteria

43 978 67 1008 a
98 967 216 1006 corde
249 968 466 1007 remotiore
502 979 615 1019 quam
650 966 689 1004 in
722 967 937 1018 propiore;
971 966 1076 1019 quod
1109 965 1276 1006 omnino
1300 977 1377 1019 pa-

41 1029 224 1072 radoxon
283 1030 409 1070 videri
461 1029 539 1068 illis
584 1029 724 1078 debet,
780 1030 845 1081 qui
897 1029 1134 1068 contrarium
1184 1027 1370 1068 statuunt.

41 1091 192 1149 Qodfi
227 1102 358 1132 autem
391 1105 438 1132 ne
471 1091 568 1131 solus
599 1091 757 1144 quidem
789 1090 992 1131 arteriosus
1028 1090 1177 1144 sanguis
1213 1091 1254 1130 in
1294 1091 1374 1131 (in-

43 1154 146 1208 gulis
178 1155 329 1194 arteriis
363 1156 506 1195 eodem
546 1165 744 1207 tempore,
778 1153 839 1195 sed
871 1153 1094 1205 succeffiue‚
1127 1154 1227 1194 intra
1255 1155 1371 1194 vnius

42 1216 200 1268 systoles
233 1229 390 1258 moram
427 1228 582 1266 tamen,
618 1227 839 1257 moueatur:
875 1228 956 1258 tum
985 1229 1066 1257 non
1085 1215 1211 1257 solum
1230 1226 1371 1258 omnes

44 1279 120 1321 hae
141 1279 446 1333 propositiones,
480 1281 505 1321 sn
524 1293 602 1319 non
621 1280 872 1319 conciderent
886 1311 898 1330 ‚
932 1279 1101 1333 pluribus
1119 1289 1250 1320 tamen
1262 1277 1372 1319 diffi-

41 1343 245 1384 cultatibus
263 1355 305 1382 ac
325 1343 624 1384 restrictionibus
640 1342 837 1382 obnoxiae
857 1342 1000 1393 forent,
1034 1341 1094 1382 sed
1114 1352 1154 1382 et
1172 1354 1220 1381 ne
1241 1352 1368 1383 canon

41 1405 202 1458 quidem
224 1405 288 1445 ine
307 1408 496 1458 generalis
514 1405 756 1456 hydr-aulicus
769 1436 780 1456 ,
800 1406 903 1459 quod
923 1405 1148 1445 velocitates
1166 1405 1276 1445 fluidi
1305 1404 1370 1444 in·

44 1477 104 1509 tra
122 1467 296 1508 canalem
322 1469 423 1508 moti
442 1471 585 1508 eodem
607 1480 786 1520 tempore
808 1470 847 1508 in
876 1469 1026 1508 ratione
1054 1467 1125 1508 fint
1152 1466 1370 1508 sectionum

44 1531 272 1585 reciproca,
311 1532 349 1571 in
367 1533 603 1572 oeconomia
624 1531 781 1571 animali
801 1531 932 1571 locum
953 1530 1127 1570 haberet.
1195 1567 1200 1573 .

162 1595 195 1643 §.
229 1600 269 1635 8.
309 1594 409 1650 Quia
428 1605 558 1635 autem
581 1607 659 1633 non
681 1593 805 1634 solum
834 1593 916 1635 Cel.
938 1594 1088 1635 Iurimts
1105 1593 1145 1633 in
1164 1593 1287 1634 literis
1304 1591 1375 1633 suis

44 1655 326 1699 humanissimu
344 1658 390 1697 nd
416 1669 480 1698 me
500 1658 597 1697 datis
616 1669 679 1696 me
701 1658 881 1707 monuit,
908 1667 953 1696 vt
980 1658 1122 1696 iterum
1152 1656 1371 1709 iterumque

45 1728 306 1774 perpendam,
328 1732 377 1760 an
396 1733 474 1760 non
496 1730 673 1773 ternpore
696 1719 849 1770 systoles
867 1720 992 1773 aliqua
1012 1718 1144 1759 saltem
1164 1720 1299 1773 portio
1317 1728 1371 1760 ex

45 1784 196 1824 arteriis
227 1784 267 1823 in
299 1795 417 1823 venas
448 1784 698 1836 proiiciatur3
734 1781 793 1823 sed
826 1793 865 1822 et
899 1784 998 1822 forte
1031 1782 1099 1822 alii
1135 1782 1182 1822 de
1217 1781 1290 1822 hac
1326 1791 1372 1821 te

45 1847 223 1886 nondum
236 1845 348 1899 plane
367 1846 534 1886 conuicti
553 1855 686 1885 erunt:
723 1858 801 1885 non
824 1842 998 1898 postium,
1019 1846 1112 1898 quin
1134 1855 1288 1898 praeter
1303 1855 1370 1895 ea,

41 1920 142 1960 quae
163 1909 242 1949 iam
265 1909 305 1948 in
325 1905 470 1961 Cap.1.
494 1919 534 1948 et
553 1907 606 1948 11.
623 1909 672 1947 de
691 1907 763 1948 hac
783 1919 822 1948 et
840 1909 956 1948 altera
977 1907 1198 1962 quaestione
1217 1908 1258 1947 in
1277 1919 1369 1947 me-

43 1970 150 2011 dium
170 1971 308 2022 attuli,
339 1972 385 2011 ad
406 1971 634 2012 sententiam
655 1966 786 2012 meam
829 1971 1088 2011 sobosandam
1131 1970 1198 2010 hic
1230 1970 1371 2016 adiun-

39 2044 132 2090 gam
152 2034 502 2081 confiderationem
523 2034 885 2090 phaenomenorum
901 2064 914 2087 ,
932 2046 1028 2088 quae
1047 2033 1191 2089 partim
1213 2033 1255 2075 in
1274 2043 1370 2074 mo-

600 2096 678 2139 Vv
714 2107 740 2135 2
1314 2102 1359 2136 tu
