1941 2674
364 1068 466 1104 Figura
493 1073 505 1093 x
512 1083 518 1091 .

515 100 575 136 32
625 85 704 126 DE
734 80 1255 126 OSCILLATIONIBVS
1289 79 1410 122 FILI
1443 76 1722 120 FLEXILIS

515 216 615 243 nunc
651 214 744 242 vero
788 200 896 240 simul
938 200 1213 240 demonstratas
1252 197 1327 238 huc
1373 197 1489 237 misit.
1556 192 1658 234 Cum
1704 207 1801 236 vero

516 268 594 306 iam
631 266 699 304 illo
732 274 910 316 tempore
950 263 1023 302 hae
1065 263 1301 314 quaestiones
1343 261 1462 300 illum
1506 260 1605 298 inter
1648 260 1802 312 eiusque

519 330 672 370 Patrem
705 337 742 366 et
776 339 840 366 me
873 327 1129 378 agitarentur,
1174 324 1249 377 ipse
1292 336 1442 377 quoque
1474 335 1607 362 earum
1642 320 1807 362 solutio-

522 405 589 431 nes
621 391 709 430 dedi
747 402 835 429 cum
872 388 970 428 hisce
1002 388 1196 429 Bernoullil·
1234 387 1481 427 [blutiombus
1518 385 1672 438 egregie
1709 398 1810 425 con-

520 456 715 507 spirantes.
779 453 835 493 At
868 465 957 491 cum
990 465 1089 490 nunc
1124 452 1349 504 perspiciam
1388 452 1469 489 eius
1513 448 1745 488 methodum
1791 461 1812 488 a

527 530 617 558 mea
651 516 801 569 prorsus
834 514 1100 565 differentem,
1141 516 1187 554 ad
1221 523 1469 565 augmentum
1512 511 1689 551 scientiae
1732 524 1813 551 non

528 593 666 635 parum
700 579 795 618 vtile
826 578 910 617 fore
943 579 1131 628 indicaui,
1166 578 1190 617 fi
1224 587 1262 616 et
1295 590 1425 616 meam
1466 574 1700 615 methodum
1742 575 1815 615 hac

529 642 793 683 differt-atione
827 641 1057 693 exposuero.
1122 639 1225 680 Cum
1258 640 1365 679 enim
1399 639 1511 679 huius
1550 638 1660 678 modi
1700 651 1819 691 quae*

531 707 671 747 stiones
691 705 760 744 sint
792 717 917 744 nouae
949 716 987 743 et
1021 704 1067 744 ad
1101 704 1347 743 mechanicae
1381 712 1530 755 partem
1573 699 1699 741 adhuc
1742 713 1820 741 no-

530 782 640 818 uam,
674 778 712 806 et
745 781 764 807 a
800 768 957 806 nemine
989 767 1260 820 pertractatam
1295 767 1536 818 pertineant,
1570 763 1668 802 nihil
1697 765 1822 817 magis

534 833 583 872 ad
615 830 872 870 excolendam
935 830 1034 869 hanc
1088 829 1336 869 mechanicae
1388 837 1538 881 partem
1591 827 1645 866 est
1694 839 1823 880 exop-

536 895 715 940 tandum,
751 906 864 945 quam
898 893 1027 946 plures
1059 892 1263 944 methodi,
1297 891 1432 945 quibus
1472 892 1575 931 idem
1620 890 1828 944 problema

540 957 637 997 solui
670 965 799 1009 queat.

661 1053 694 1100 §.
729 1065 772 1101 4.
808 1052 901 1107 Quo
933 1050 1050 1102 igitur
1083 1063 1103 1089 a
1136 1049 1416 1103 fimpliciffimis
1451 1050 1657 1101 exordiar,
1691 1049 1739 1089 fit
1780 1047 1833 1088 fi-

549 1113 632 1154 lum
666 1115 865 1166 grauitatis
898 1125 1037 1165 expers
1072 1113 1160 1153 OA
1197 1115 1312 1153 vnico
1347 1114 1586 1166 pondusculo
1616 1114 1655 1154 A
1693 1125 1834 1153 onera-

551 1187 634 1217 tum
652 1208 663 1226 ,
695 1177 799 1229 quod
828 1190 916 1216 cum
954 1176 1054 1216 linea
1075 1176 1247 1216 verticuli
1267 1176 1341 1216 Oa
1361 1177 1543 1228 angulum
1572 1176 1722 1216 infinite
1742 1188 1835 1228 par-

560 1253 653 1279 uum
688 1240 813 1279 AOoe
844 1239 1062 1278 constituat.
1129 1239 1216 1279 Hoc
1246 1240 1361 1291 igitur
1395 1240 1607 1292 pendulum
1649 1239 1714 1280 fibi
1747 1250 1840 1291 per-

552 1300 709 1343 missum
743 1302 1000 1342 oscillationes
1030 1302 1143 1341 faciet
1175 1303 1301 1341 eundo
1336 1303 1374 1340 in
1401 1303 1511 1342 fitnm
1533 1303 1633 1353 Oa,
1665 1312 1841 1342 tantum-

554 1378 628 1418 que
662 1366 761 1405 vltra
799 1365 911 1405 illum
943 1365 1174 1404 transiendo.
1240 1364 1325 1403 Hoc
1370 1366 1481 1404 nobis
1523 1367 1596 1404 erit
1629 1364 1840 1419 pendulum

556 1428 744 1481 simplex,
779 1441 869 1467 cum
904 1440 982 1481 quo
1016 1427 1207 1480 sequentia
1239 1428 1403 1480 pendula
1437 1429 1650 1481 composita
1678 1441 1844 1480 compa-

557 1492 755 1544 rabimus;
792 1490 904 1531 Dum
941 1503 1037 1531 vero
1080 1490 1156 1530 hoc
1200 1491 1410 1543 pendulum
1454 1492 1499 1530 ad
1544 1491 1622 1531 Oa
1662 1501 1845 1531 mouetur

561 1555 719 1607 corpori
752 1554 792 1593 A
836 1554 1080 1594 describenda
1113 1553 1166 1594 est
1199 1554 1261 1593 via
1294 1554 1394 1604 Aa,
1428 1554 1544 1607 reipfii
1589 1555 1745 1607 quidem
1783 1567 1848 1593 ar-

563 1630 629 1656 cus
662 1617 857 1657 circularis
898 1625 1032 1656 centro
1065 1616 1103 1656 O
1137 1615 1362 1668 descriptus,
1405 1616 1469 1656 sed
1510 1619 1574 1669 qui
1614 1630 1703 1657 cum
1738 1616 1852 1656 hori-

567 1680 712 1719 zontali
752 1681 827 1720 Aa
856 1688 1015 1732 propter
1033 1680 1215 1732 angulum
1244 1678 1367 1719 AOa
1385 1679 1534 1719 infinite
1563 1693 1723 1734 paruum
1752 1691 1853 1718 con-

567 1752 689 1795 gruet.
759 1742 1069 1794 Inuestigandum
1109 1754 1203 1794 ergo
1236 1742 1311 1793 est,
1347 1752 1485 1794 quanta
1518 1744 1557 1783 vi
1588 1743 1854 1784 acceleratrice

570 1818 710 1856 corpus
742 1805 781 1845 A
814 1818 882 1858 per
916 1806 993 1846 Aa
1025 1806 1274 1859 propellatur.
1341 1803 1498 1859 Corpus
1524 1819 1621 1847 vero
1649 1808 1688 1847 A
1707 1807 1748 1845 vi
1767 1818 1856 1857 gra-

573 1868 725 1919 uitatis,
761 1881 857 1921 quae
889 1869 1056 1920 aequalis
1089 1869 1141 1908 est
1177 1869 1340 1921 ponderi
1372 1870 1548 1922 corporis
1581 1872 1642 1922 A,
1679 1870 1857 1909 deorsum

577 1931 784 1971 secundum
816 1932 1076 1971 dii-estionem
1098 1932 1191 1973 AM
1214 1932 1402 1985 trahitur3
1431 1932 1525 1973 haec
1544 1947 1639 1987 ergo
1668 1934 1726 1973 vis
1752 1931 1777 1971 fi
1796 1943 1860 1969 re-

569 1991 746 2035 soluatur
777 1996 817 2035 in
849 1995 938 2035 duas
969 1994 1144 2036 laterales
1176 1997 1284 2050 Am,
1320 2004 1360 2036 et
1395 1996 1517 2051 Mm‚
1545 1998 1662 2040 altera
1695 1997 1735 2036 in
1755 1995 1860 2033 dire-

1733 2058 1864 2099 &ione
