1941 2674
501 76 596 127 406
828 60 1109 115 ORIGINES
1140 62 1233 110 RV
1227 60 1445 111 SSICAE.

501 183 589 239 izffc
605 183 726 239 aliquo
751 185 898 226 deorum
922 183 1033 224 edunt
1058 189 1186 224 contra
1213 182 1363 237 hostem,
1397 193 1477 224 cum
1493 176 1668 236 fhperior
1691 180 1781 224 bello

498 251 559 305 est.
647 245 883 302 Διέδᾱαμεν
915 256 976 287 aut
1007 242 1294 300 διαδεαμόνἾες
1327 245 1488 299 obrepsit
1521 243 1782 296 Logothetae,

496 325 586 354 cum
619 312 713 351 forte
742 311 839 365 apud
870 310 984 349 alium
1019 318 1103 348 ante
1134 309 1170 347 se
1202 309 1249 349 fic
1282 308 1435 361 legerit:
1481 306 1559 356 Ρῶς
1593 302 1784 359 Φεᾱώνυ-

502 388 582 431 μον
612 370 718 413 ἀπὸ
753 369 938 424 coacte&
969 367 1194 424 διέδςῑαμεν
1229 366 1542 426 οἱπηχήμοίὶος
1565 401 1576 421 ,
1627 383 1676 410 ex
1706 381 1783 423 quo

498 451 588 479 cum
616 440 750 477 faceret
776 436 928 476 adiectis
953 436 1079 475 ceteris
1107 430 1343 488 Φεεώνυμοι
1365 428 1661 488 διαδᾶαμόνἿες
1682 432 1785 473 mul-

498 510 541 542 to
573 501 691 552 magis
723 498 860 539 sensum
893 498 1096 538 obscurauit
1128 497 1243 536 otiosa
1277 509 1387 537 voce.
1460 495 1594 536 Cetera
1625 497 1783 547 deinde,

504 561 724 618 Δᾶομίτοᾳ
763 556 908 603 &aava
949 558 1006 601 τὲξ
1037 554 1157 609 ἐξέως
1197 555 1367 615 τρέχειν
1395 554 1524 608 οἰυἾσῖς
1567 556 1787 614 ’προσεγέ-

501 623 604 675 velo,
647 626 775 675 mam,
813 634 856 664 vt
889 622 1158 673 Combefifius‚
1203 636 1314 675 quam
1347 632 1390 662 vt
1421 621 1623 663 Bandurius
1655 635 1786 674 meets-

498 684 639 745 ΎένεἾο
653 719 665 738 ,
706 687 969 730 Dromitarum
1003 698 1126 727 nomen
1158 686 1231 726 illis
1261 685 1438 726 tributum
1470 699 1497 727 a
1528 685 1636 726 celeri
1668 681 1785 738 cursu.

501 751 637 793 Cetera
666 749 915 791 Combefisius
941 749 1057 789 reete.
1127 747 1275 789 Credidi
1308 749 1439 799 initio,
1473 746 1660 800 Graecos,
1695 760 1787 789 cum

499 814 734 857 adlueuiffent
764 813 897 855 Ruffos
934 813 1055 852 dicere
1088 809 1360 861 Tauroscythas
1378 841 1389 861 ‚
1439 812 1624 852 Taurinos
1657 821 1784 852 autem

500 877 649 928 Polybii
675 877 978 924 recordarentur,
1013 887 1061 914 eo
1092 873 1189 927 ipsos
1216 884 1406 926 tamquam
1433 874 1480 915 ab
1504 874 1666 926 Alpibus
1692 887 1785 929 pro-

498 940 619 981 sectos
643 938 772 977 dixiffe
802 938 972 978 Francos.
1038 935 1111 977 Sed
1144 937 1216 976 alia
1248 936 1363 975 cauffa
1395 937 1472 988 est,
1504 946 1543 977 et
1568 937 1691 977 dicam
1719 938 1787 978 tri-

500 1001 567 1043 bus
596 1000 742 1050 verbis,
786 997 1034 1053 geographiae
1067 998 1212 1038 summa
1246 998 1446 1038 inscientia.
1529 998 1635 1040 Nam
1668 999 1786 1040 Fran-

499 1066 600 1106 ciam
627 1060 764 1104 Graeci
796 1063 982 1103 vocabant
1014 1074 1193 1114 magnam
1227 1060 1405 1114 Europae
1440 1070 1608 1115 partem,
1641 1063 1786 1116 praeci-

501 1141 576 1182 pue
608 1139 693 1167 eam
718 1156 728 1174 ,
778 1126 816 1165 in
847 1139 916 1178 qua
949 1121 1201 1164 Germanicae
1233 1125 1312 1163 vsus
1343 1124 1487 1176 linguae
1520 1126 1599 1165 fuit.
1697 1124 1785 1166 Iam

499 1203 588 1232 cum
625 1190 759 1230 domus
799 1190 898 1241 regia
931 1187 1133 1229 Rufforum
1165 1201 1186 1227 a
1222 1186 1458 1227 Normannis
1491 1188 1558 1227 fuit
1580 1214 1591 1236 ‚
1647 1187 1786 1241 Varagi

499 1263 627 1295 autem
648 1251 778 1299 multi,
806 1263 897 1304 quos
913 1249 1181 1297 Scandinauos‚
1209 1248 1478 1300 Normannos,
1504 1249 1658 1299 Danos,
1684 1251 1785 1292 fuisse

498 1315 856 1364 demonstrauimus,
892 1315 931 1353 in
958 1312 1092 1352 officiis
1118 1313 1290 1365 palatinis
1320 1313 1555 1366 exercituque
1582 1313 1783 1356 Rufforum

499 1380 735 1420 verstuentur
755 1407 766 1426 ‚
827 1389 963 1429 magna
1014 1376 1146 1415 deinde
1198 1376 1270 1416 alia
1313 1376 1516 1416 multitudo
1555 1374 1783 1417 Scandinaua

500 1441 617 1484 Slauis
649 1439 855 1493 permista,
912 1451 1072 1492 quorum
1114 1439 1235 1490 lingua
1270 1451 1291 1478 a
1324 1439 1495 1478 Francica
1536 1452 1612 1479 non
1647 1440 1784 1480 admo-

500 1506 593 1545 dum
621 1503 865 1552 abhorrebat,
899 1514 949 1542 eo
973 1498 1378 1554 Constantinopolitani
1405 1502 1541 1544 Ruffos
1566 1502 1694 1545 dixere
1721 1515 1786 1544 or.

498 1576 557 1609 tos
586 1580 607 1608 a
640 1566 808 1615 Francis,
844 1565 918 1605 hoc
951 1564 1003 1604 est
1033 1578 1054 1605 a
1087 1563 1337 1605 Scandinauis.

652 1688 757 1729 Haec
785 1700 840 1728 res
873 1690 1025 1743 propius
1056 1690 1202 1742 attingit
1226 1690 1425 1732 Rufforum
1454 1693 1632 1745 origines,
1666 1693 1789 1747 quales

500 1754 548 1795 ab
586 1752 764 1793 omnium
806 1755 994 1793 rationum
1039 1765 1237 1805 rerumque
1280 1764 1450 1794 veterum
1493 1756 1786 1798 consideratione

498 1816 716 1857 informatas
749 1814 880 1855 animo
914 1815 1053 1855 habeo.
1135 1815 1230 1856 Dixi
1263 1816 1340 1855 alio
1371 1817 1460 1857 loco
1481 1849 1491 1867 ‚
1533 1819 1628 1859 mihi
1663 1820 1787 1861 videri

498 1888 585 1921 ante
615 1877 746 1919 Slauos
784 1876 848 1917 has
886 1887 998 1918 terras
1040 1877 1102 1918 sub
1145 1878 1410 1931 septemtrione
1448 1881 1600 1921 incultas
1634 1883 1734 1922 fiiiss‘e
1764 1896 1786 1924 a

498 1942 650 1987 Fennici
681 1941 850 1992 corporis
881 1941 1073 1993 gentibus:
1106 1943 1238 1982 causs‘as
1267 1941 1336 1982 illo
1367 1943 1447 1996 ipfi)
1476 1944 1514 1983 in
1549 1944 1639 1985 loco
1669 1946 1783 1988 edidi.

497 2005 634 2061 Neque
665 2013 792 2046 tamen
825 2016 922 2059 nego
958 2005 1052 2045 inter
1083 2004 1230 2047 Fennos
1261 2005 1413 2049 coluisse
1447 2001 1609 2051 Gothos.
1672 2005 1782 2052 Nam

1691 2083 1779 2112 cum
