1941 2674
219 74 300 119 DE
331 69 829 125 CONSTRVCTIONE
855 72 1309 136 AEQVATIONVM.
1362 87 1429 130 ‘73-

129 202 265 234 tamen
300 205 383 232 non
414 192 579 247 sequitur
610 205 768 234 curuam
799 192 877 243 else
908 192 1190 246 algebraicam,
1224 194 1285 234 sed
1315 194 1423 247 fiiepe

134 259 310 296 maxime
346 257 420 295 crit
452 256 725 296 transcendens.
793 257 1063 311 Quamobrem
1115 267 1199 297 tum
1233 259 1279 297 ad
1326 270 1424 296 con-

138 320 385 359 structionem
420 328 504 357 tum
538 321 585 360 ad
618 320 887 372 coguitionem
924 331 1061 360 curuae
1093 318 1315 360 huiusmodi
1357 332 1426 359 ae-

137 384 270 434 quatio
303 383 342 420 in
374 381 490 420 aliam
523 382 575 421 est
607 382 918 431 transmutanda,
952 395 1048 435 quae
1080 382 1127 423 fit
1156 383 1257 423 inter
1286 383 1423 435 lineas,

137 457 300 498 quarum
331 443 469 497 politio
506 456 528 483 a
560 457 674 484 curua
707 457 787 484 non
819 445 996 496 pendeat.

253 539 286 586 §.
329 545 393 584 17.
425 535 640 588 Optimum
674 536 792 588 igitur
820 535 868 575 ad
901 532 1212 588 cognoscendam
1245 546 1285 577 et
1324 551 1424 579 con*

139 599 351 640 struendam
384 610 543 638 curuam
576 598 796 638 remedium
829 598 927 649 erit,
961 600 1258 652 aequationem,
1291 600 1318 640 fi
1340 599 1424 641 sue-

140 663 191 702 rit
223 662 320 701 inter
352 660 488 711 lineas,
516 673 680 716 quarum
712 659 851 713 positio
881 660 930 701 ab
972 661 1050 714 ipsa
1083 673 1197 701 curua
1231 663 1421 714 pendeat,

138 732 386 766 transmutare
417 723 458 762 in
500 723 777 776 aequationem
815 723 1037 764 consuetam
1076 724 1179 764 inter
1222 724 1422 765 abscissam

138 795 177 828 et
206 784 447 838 applicatam.
512 785 562 825 In
596 784 674 825 hoc
704 793 834 825 autem
869 787 1032 839 negotio
1062 785 1211 828 summa
1245 799 1334 828 cura
1369 788 1423 829 est

134 847 368 898 adhibenda,
400 860 450 890 ne
481 848 521 888 in
557 847 837 902 prolixiffimos
870 849 1039 890 calculos
1071 858 1112 889 et
1142 849 1308 891 resolutu
1340 851 1421 891 dif-

131 910 323 951 ficillimas
351 912 601 964 aequationes
636 911 866 952 incidamus.
935 912 1136 953 Facillime.
1167 916 1276 952 enim
1306 914 1421 954 vide-

127 982 189 1014 tur
221 971 286 1012 illa
317 975 588 1014 transmutatio
620 974 661 1013 in
696 975 971 1028 aequationem
1005 977 1106 1016 inter
1142 975 1338 1017 absciffim
1378 985 1420 1016 et

126 1035 387 1088 applicatam,
419 1036 479 1078 sed
512 1036 592 1077 hoc
624 1037 750 1077 modo
781 1036 1009 1092 plerumque
1048 1039 1089 1078 in
1130 1039 1419 1080 inextricabiles

123 1099 240 1140 tricas
269 1098 510 1153 delabimur3
542 1098 590 1142 Id
623 1100 728 1154 quod
758 1100 879 1141 vnico
911 1100 1102 1156 exemplo
1122 1100 1323 1143 ostendere
1340 1101 1419 1142 suf-

126 1160 248 1202 ficiet.

240 1250 278 1298 5.
319 1260 388 1297 18.
423 1256 683 1309 Exprimatur
710 1268 854 1298 curuae
882 1256 984 1303 vAM
1017 1266 1152 1298 natura
1180 1259 1412 1313 aequatione
1431 1267 1535 1307 Figura
1555 1277 1583 1308 3·

124 1317 226 1358 inter
255 1319 477 1359 normalem
509 1320 549 1358 in
580 1332 740 1358 curnam
772 1318 875 1362 MN
894 1328 934 1358 et
951 1321 1177 1373 portionem
1197 1323 1278 1361 axis
1297 1322 1381 1364 AN
1397 1336 1410 1376 τ,

125 1393 287 1434 quarum
319 1380 421 1422 MN
456 1390 615 1421 vocetur
646 1394 668 1421 u
699 1389 739 1420 et
771 1381 890 1432 AN,
908 1387 949 1435 t;
985 1382 1102 1436 fitque
1129 1385 1309 1437 aequatio
1327 1398 1413 1425 cur·-

123 1455 196 1483 uae
227 1453 403 1491 naturam
435 1444 663 1497 exprimens
697 1442 793 1483 haec
818 1444 980 1497 simplex
998 1446 1213 1487 admodum
1233 1454 1408 1489 uetat.

122 1503 166 1546 Si
197 1519 299 1547 nunc
330 1515 497 1559 ponatur
527 1504 678 1546 absciffii
710 1507 889 1546 AP:x
921 1516 961 1546 et
991 1507 1181 1560 applicata
1207 1509 1287 1550 PM
1304 1524 1361 1549 τ.-
1358 1523 1409 1562 y,

120 1576 236 1622 atque
270 1581 408 1609 curuae
438 1569 683 1609 elementum
714 1569 821 1622 quod
855 1569 909 1609 est
941 1565 1408 1630 V(dx²—1—dy²):ds‚

123 1640 199 1679 erit
231 1624 575 1692 MNzu—-zffi—dxff
614 1647 653 1679 et
694 1628 1152 1695 ANztzx-kyffssy.
1219 1643 1349 1698 Quare
1382 1642 1408 1683 fi

120 1699 167 1740 hi
197 1701 350 1742 valores
380 1702 421 1742 in
454 1702 684 1755 aequatione
701 1700 991 1755 substituantur,
1020 1702 1227 1751 habebitur
1245 1705 1407 1759 quidem

121 1761 220 1805 haec
250 1766 430 1817 aequatio
447 1765 1098 1820 y²ds²zaxdx²÷aydxdy‚
1132 1766 1234 1807 inter
1263 1776 1404 1820 xety‚

123 1837 177 1865 ex
212 1838 285 1879 qua
309 1839 434 1880 neque
460 1827 698 1869 ¹constructio
732 1838 876 1869 curuae
905 1838 1090 1886 apparet,
1121 1841 1245 1884 neque
1281 1829 1404 1876 etiam

121 1900 172 1934 an
209 1888 256 1929 sit
295 1888 509 1950 algebraica
539 1903 588 1932 an
618 1889 734 1932 secus.

118 2010 229 2056 Tom.
265 2010 398 2058 VIII.
774 2015 813 2059 Κ
1251 2019 1287 2070 5.
1330 2027 1400 2069 19.
