1941 2674
402 49 695 100 ORIGINES
725 51 1026 102 RVSSICAE.
1260 71 1348 112 395

70 169 256 227 probabili
288 171 503 214 coniectura
534 182 713 213 tenemus.
776 176 832 215 At
864 174 1122 216 Constantinus
1154 174 1216 216 Μ.
1254 177 1358 219 illam

71 235 207 278 Rhosii
246 236 465 289 dignitatem
509 233 698 276 instituit?
750 236 823 278 hoc
864 240 1060 278 enimuero
1101 252 1241 279 vanum
1279 243 1355 290 cst,

71 311 142 340 nec
174 300 250 339 iam
283 300 334 339 ita
365 299 533 339 sustinere
563 301 825 341 auctoritatem
856 299 1043 355 Gregoras
1077 304 1196 355 potest
1230 306 1265 343 in
1301 317 1360 343 re-

72 362 141 402 bus
185 372 269 402 ante
311 362 345 401 se
387 372 444 402 tot
483 363 635 412 seculis,
685 374 728 402 vt
759 365 821 404 illa
856 366 893 404 in
925 367 1114 405 memoria
1156 368 1357 419 pincernae

72 424 238 475 Rhosii,
292 426 424 466 statum
464 423 869 479 Coushintinopolitani
909 429 1058 481 imperii
1102 442 1176 468 non
1221 433 1361 481 ituitus

72 488 278 541 ignorabat.
382 488 488 530 Nam
531 490 580 528 ita
615 502 760 542 quoqne
805 493 841 530 in
884 502 1089 531 ceterarum
1135 495 1357 543 diffinitum

72 553 218 604 origine
253 552 460 604 impingit,
507 564 597 604 quae
630 562 710 591 tum
746 555 900 606 quidem
933 565 1059 606 erant,
1100 558 1269 594 Obnsti'assjt‘
1309 570 1359 596 ii,

68 626 161 654 men
193 616 291 668 apud
323 612 539 668 Gregoram
574 616 741 668 originis.

218 734 338 775 Huius
372 734 531 774 diuturni
563 735 608 774 de
642 735 801 777 Roffico
833 737 996 776 nomine
1029 738 1128 790 apud
1161 740 1363 789 Bys.21s·.nos

69 796 276 852 Scriptores
308 798 436 838 silentii
470 799 558 836 duas
587 799 720 837 caussas
750 799 820 837 esse
854 801 956 850 pofle
990 801 1121 840 video:
1156 804 1308 841 alttram
1338 815 1362 843 e

69 863 275 905 Russorum
319 861 492 899 sententia
515 887 525 907 ,
582 862 739 900 alteram
773 874 796 901 e
834 862 1029 901 ratiocinio
1070 875 1146 902 non
1187 864 1358 907 abiumo.

69 924 176 967 Ruffi
207 924 459 971 contendunt,
492 924 588 962 circa
618 924 814 964 Michaelis
842 924 943 977 lmp.
973 936 1148 978 tempora
1177 928 1361 968 Ruricum

67 1000 154 1030 rem
181 987 369 1041 publicam
398 987 566 1039 primum
594 986 815 1026 constituisse
839 1000 1056 1042 ‘nomenque
1085 990 1179 1042 parti
1209 991 1360 1031 cuidam

70 1049 274 1093 Slauorum
315 1049 501 1098 indidisse,
545 1059 585 1088 vt
623 1061 916 1101 nuncuparentur
948 1051 1062 1091 Ruffi.
1159 1052 1298 1108 Quod,
1331 1054 1360 1096 fi

70 1115 124 1156 ita
161 1114 252 1164 est,-
277 1112 471 1155 Russicum
507 1124 649 1152 nomen
681 1113 828 1152 medius
859 1112 966 1152 fidius
997 1127 1018 1153 a
1049 1111 1240 1163 Byzantiis
1273 1127 1360 1157 ante

70 1177 245 1230 cognosci
281 1189 356 1216 non
391 1176 514 1229 potuit
535 1204 545 1223 ‚
597 1188 710 1228 quam
743 1175 824 1216 fuit.
921 1175 1127 1216 Ostendam
1160 1188 1286 1219 autem
1321 1188 1361 1221 et

69 1253 214 1282 nomen
246 1249 283 1279 et
317 1252 397 1279 rem
434 1238 619 1291 publicam
649 1237 847 1280 Russornm
878 1238 1006 1280 Rurici
1039 1250 1214 1292 tempora
1246 1254 1363 1283 exce-

69 1304 182 1352 dere,
218 1303 390 1355 quocirca
423 1303 532 1341 altera
566 1304 603 1340 in
635 1301 751 1341 caussa
786 1303 907 1354 potius
939 1303 1139 1356 acquiesco.
1230 1303 1362 1359 Popu-

69 1367 124 1408 lus
155 1366 324 1410 Rusticus
353 1374 437 1405 ante
472 1364 702 1404 Michaelem
736 1363 840 1418 Imp.
873 1365 1017 1418 longius
1044 1378 1065 1405 a
1094 1362 1363 1409 Constantino-

70 1430 182 1484 poli,
224 1429 351 1470 multis
387 1429 534 1481 populis
569 1427 766 1467 interiectis
786 1459 796 1477 ‚
836 1439 1004 1468 remotus
1038 1427 1133 1477 fuit,
1169 1442 1282 1483 quarn
1315 1441 1361 1472 vt

68 1493 320 1548 spestatorem
354 1493 514 1544 aliquem
551 1503 674 1530 rerum
712 1490 853 1530 suarum
891 1491 1042 1531 nancisci
1078 1492 1210 1544 posset.
1302 1495 1360 1536 At

69 1557 136 1598 vbi
167 1556 334 1596 attoliere
366 1554 434 1594 sese
467 1555 602 1607 incepit
632 1564 670 1593 et
702 1564 923 1594 mercaturas
953 1554 1122 1594 Ponticas
1161 1568 1357 1609 exercere,

70 1617 428 1671 Constantinopolin
462 1630 557 1658 vero
589 1616 705 1669 ipsam
739 1618 888 1670 aggredi
918 1617 1042 1667 bello,
1088 1627 1168 1658 tum
1202 1619 1360 1674 denique

70 1683 188 1724 etiam
231 1683 426 1735 cognitum
467 1683 504 1720 in
541 1682 630 1719 vrbe
662 1681 715 1720 est
748 1693 889 1721 nomen
922 1680 1112 1722 Rufficum
1149 1690 1186 1720 et
1219 1695 1359 1724 monu-

71 1746 210 1787 mentis
240 1746 284 1784 ad
318 1745 571 1797 posteritatem
609 1744 848 1783 celebratum.
913 1743 971 1784 Ea
1000 1744 1205 1784 necessitate
1235 1756 1361 1786 motus

70 1807 332 1849 Constantinus
358 1807 716 1860 Porphyrogenneta
740 1806 846 1860 Imp.
875 1819 1032 1860 operam
1062 1808 1188 1856 dedit,
1223 1819 1263 1848 vt
1292 1822 1357 1862 per

71 1870 376 1913 Cherrlionesitas
402 1880 440 1909 et
470 1870 651 1909 finitimos
678 1870 800 1910 Ponto
832 1869 1017 1923 populos,
1050 1871 1094 1910 ad
1131 1883 1222 1924 quos
1255 1874 1361 1925 saepe

71 1935 183 1988 legati
220 1934 391 1976 Romani
430 1933 731 1981 commeabant,
785 1933 1110 1986 quemadmodum
1153 1944 1358 1975 ceterarum

73 1999 247 2054 gentium
279 1998 326 2038 ad
356 1996 660 2051 septemtrionem
695 1996 778 2035 situs
808 2005 846 2036 et
879 2008 1004 2036 mores
1035 2005 1072 2037 et
1103 1997 1254 2038 consilia
1288 1999 1362 2038 sta-

88 2074 90 2076 ·
638 2058 681 2101 D
699 2059 724 2100 d
741 2059 765 2100 d
802 2072 825 2098 2
1234 2070 1362 2116 tusque
