1941 2674
386 55 794 127 rMPERAToRn
825 56 1133 104 AMIDENO.
1301 70 1391 115 ³45

115 177 237 218 studiis
270 180 604 227 exercitationem,
645 188 778 231 quanta
814 178 941 227 suerit,
983 190 1101 218 nemo
1134 177 1302 230 ignorat,
1336 179 1400 219 lit-

114 249 207 280 teras
240 242 324 281 Ml.
358 254 464 295 atque
496 242 656 283 omnino
692 243 831 295 priores
863 252 934 280 tres
965 241 1026 280 vel
1058 251 1214 293 quatuor
1252 241 1400 294 agnosci

113 305 290 357 potitust,
329 305 521 345 Harduino
552 316 676 345 autem
711 315 748 343 et
780 304 878 352 aliis,
920 304 1008 356 ipsi,
1050 315 1161 356 puta,
1195 305 1399 345 Vaillantio

113 369 385 419 gratulabatur,
429 369 558 421 quibas
589 375 668 408 tam
693 364 924 421 pctstfcaces
956 373 992 406 et
1026 366 1137 413 lym-ei
1169 368 1258 408 oculi
1288 370 1400 408 conti-

101 428 246 482 glffi'nt.
313 432 453 470 Obiicit
487 432 618 470 deinde
653 432 824 470 nonnulla
859 430 1076 477 Hauluino,
1115 443 1160 468 nc
1191 431 1224 468 ci
1257 431 1398 471 Amida

111 492 168 531 sua
204 494 313 531 nimis
349 496 541 545 placeret,
595 504 674 532 tum
713 492 860 532 Valenti
896 493 1090 543 negotium
1125 492 1259 532 facessit
1291 495 1399 545 eique

112 556 225 594 vertit
255 557 350 594 vitio
373 588 382 603 ,
424 558 520 608 quod
556 568 623 595 non
653 556 709 595 ad
735 557 831 595 numi
862 557 968 609 ipsius
1000 568 1025 593 α
1044 551 1089 607 se
1115 556 1228 608 probe
1260 562 1296 594 et
1329 568 1399 595 ac-

107 625 240 657 curate
272 615 422 672 itzspeffi
437 620 560 670 sidem
579 650 588 666 ‚
632 620 711 658 elus
743 618 811 670 ecl}
815 626 902 671 pum
931 616 1135 671 protuliſjet
1156 647 1166 666 ‚
1194 614 1270 671 sed
1285 620 1398 672 sicuti

109 681 167 720 ad
190 679 328 721 Iuliani
356 678 541 733 Cmsares
569 683 618 722 ab
645 677 718 735 ipso
749 680 921 732 vagatus
942 680 1091 734 jiterat.
1156 680 1220 719 Ad
1248 681 1397 732 postre-

109 755 221 783 mum
242 774 252 793 ,
296 745 358 783 vbi
391 755 592 796 Vtcumque
624 743 879 783 coniecturum
913 742 1014 782 (uam
1047 743 1093 781 de
1128 742 1262 782 Edessa
1295 742 1396 782 adse-

108 817 253 857 ruerat,
287 806 474 846 moderati
500 806 616 845 animi
644 805 783 856 insigne
813 805 1084 844 documentum
1116 804 1231 844 dedit.
1298 805 1396 846 Non

107 869 211 908 enim
246 869 493 917 diffitebatur,
528 868 554 908 s1
586 868 671 921 quid
705 879 831 907 earum
865 867 1068 906 litterarum
1101 868 1140 907 in
1172 879 1289 907 numo
1321 867 1396 920 legi

105 931 240 985 possit,
277 932 327 971 ob
364 932 534 971 disertam
568 930 868 983 Mesopotamias
903 931 1141 970 mentionem
1173 930 1218 968 ad
1251 930 1392 971 nullam

106 994 240 1034 vrbem
268 995 421 1041 melius,
457 1006 571 1046 quam
599 994 644 1033 ad
671 993 882 1040 Amidam,
912 1005 996 1033 cum
1021 991 1252 1040 erudz'ttffimo
1278 992 1394 1034 Har-

105 1058 212 1099 duim
254 1057 380 1097 referri
422 1056 538 1109 posse.
637 1056 739 1111 Quid
779 1055 929 1095 interim
964 1054 1125 1094 Ioannes
1158 1051 1392 1095 Harduinus3

106 1118 208 1160 Cum
241 1121 346 1160 numi
382 1120 527 1159 vrbium
560 1127 598 1158 et
629 1118 857 1172 populorum
891 1118 1056 1158 illustrati
1091 1118 1131 1156 in
1162 1118 1238 1157 eius
1267 1118 1394 1170 operi-

106 1183 172 1223 bus
202 1183 341 1222 selectis
374 1183 507 1222 iterum
540 1182 751 1230 ederentur,
793 1190 917 1220 totum
949 1180 1023 1220 hoc
1056 1181 1159 1219 suum
1192 1180 1238 1219 de
1273 1180 1394 1220 Ami-

105 1246 152 1286 da
187 1245 278 1286 vrbe
309 1247 496 1298 expunxit
530 1247 625 1297 (g),
663 1244 759 1283 hunc
790 1256 884 1283 vero
919 1255 1075 1282 numum
1114 1243 1209 1281 inter
1243 1243 1392 1282 Emise-

107 1320 176 1350 nos
201 1309 357 1348 stritstim
385 1307 578 1348 recensuit:
613 1308 738 1347 EMI.
758 1306 851 1347 ΚΟ.
872 1303 1255 1346 MH.MECC011:
1288 1313 1326 1345 et
1351 1306 1390 1346 in

106 1367 188 1426 ipsa
213 1384 310 1412 area
334 1373 386 1412 A.
451 1370 534 1412 Hoc
561 1370 627 1425 cst:
662 1366 796 1422 Emesa
823 1369 958 1410 colonia
984 1368 1190 1422 metropolis
1217 1365 1390 1422 Mesopo-

104 1435 270 1485 tamiae,
300 1437 455 1488 prlma:
501 1445 627 1474 numus
662 1433 707 1486 cst
739 1432 870 1474 Seueri
902 1431 1114 1474 Alexandri
1147 1433 1184 1471 in
1215 1430 1390 1484 thesauro

102 1499 216 1550 rfflio-
285 1497 370 1537 Hoc
402 1497 485 1550 quid
519 1505 597 1535 erat
631 1496 751 1544 aliud,
782 1507 892 1548 quam
926 1495 1036 1534 castra
1071 1492 1128 1534 sua
1159 1494 1319 1534 deserere
1351 1503 1391 1534 et

103 1561 145 1602 in
177 1560 342 1600 Valentis
385 1560 500 1599 fidem
534 1570 642 1611 atque
676 1558 890 1598 clientelam
926 1560 959 1597 se
991 1553 1194 1596 conferre?
1246 1558 1389 1596 Enim-

103 1636 196 1665 uero
229 1623 462 1663 dissimulauit
497 1621 724 1670 Harduinus,
765 1633 811 1659 ne
844 1621 921 1672 quis
950 1619 1026 1660 hoc
1060 1619 1178 1672 ipsum
1212 1619 1391 1672 persenti-

99 1687 231 1728 sceret.
328 1686 386 1726 Ea
421 1685 536 1725 caussa
567 1684 732 1724 Iobertus
763 1695 909 1736 quoque
929 1713 940 1730 ‚
987 1684 1046 1734 qui
1081 1693 1180 1722 totus
1213 1684 1260 1723 ab
1290 1682 1391 1723 Har-

103 1751 222 1791 duino
253 1749 452 1802 pependit,
487 1749 689 1800 omniaque
720 1747 794 1786 eius
825 1741 1061 1798 παᾶάδοέα,
1096 1756 1291 1798 tamquam
1328 1746 1392 1786 in·-

101 1823 212 1855 uenta
248 1812 487 1866 perpetuitate
518 1812 628 1864 digna
660 1810 885 1850 consecrauit
905 1839 916 1860 ,
967 1808 1123 1850 studiose
1164 1809 1289 1859 cauit,
1341 1821 1389 1848 ne

135 1873 245 1918 Tom.
256 1872 389 1917 Vm.
738 1874 779 1913 X
800 1884 828 1911 x
1299 1872 1388 1922 quid

249 1958 305 1993 (g)
327 1956 520 1986 Amstelodnmi
541 1956 576 1985 A.
600 1963 673 1993 1709
703 1965 730 1992 p>
749 1963 793 1991 ις.
809 1962 847 1991 54
878 1955 1015 1983 Librarius
1032 1965 1139 1983 ornnem
1157 1963 1265 1990 operam
1285 1955 1313 1981 in
1340 1955 1389 1983 hac

111 2000 237 2028 editione
257 2006 377 2026 nauatam
401 1999 426 2024 in
451 1996 476 2024 se
498 1998 608 2033 recepit,
637 1997 777 2025 senserunt
800 2002 886 2023 tamen
912 1995 1079 2024 eruditissimi
1099 1996 1167 2029 viri,
1193 2001 1220 2021 ct
1244 1996 1388 2031 praecipue

111 2039 271 2070 Mami-inus
291 2037 431 2076 veysficre
455 2036 584 2066 Lacr-osus
606 2035 631 2063 V
663 2036 698 2065 C.
722 2038 750 2064 in
775 2034 910 2063 vindiciis
940 2044 1062 2065 veterum
1091 2037 1266 2072 striptorum,
1300 2034 1387 2071 ipsum

109 2081 284 2110 Harduinum
303 2079 524 2108 emendationum
541 2078 665 2106 omnium
683 2077 835 2115 auctorem,
857 2077 904 2106 iub
921 2076 1022 2108 librarii
1042 2078 1155 2107 nomine
1170 2076 1251 2106 latere
1265 2074 1390 2105 voluisse.
