1941 2674
284 108 665 153 PROPRIEMTE
695 109 1001 152 GAVDENTI
1003 112 1043 152 V
1044 110 1100 152 M
1104 142 1111 150 .
1287 122 1303 149 1
1317 113 1369 160 87

83 223 163 269 effe
195 227 356 279 debeat,
390 237 472 268 tum
506 236 592 267 tuto
627 227 795 280 vsurpnri
832 228 976 280 poterit
1009 228 1121 269 valor
1153 227 1378 281 ipfiusPad

87 304 260 345 prm-,im
294 292 452 331 classem
497 291 702 343 pertinens.
768 288 898 329 Simili
941 293 1064 331 modo
1105 294 1223 331 etiam
1271 292 1296 331 fi
1339 294 1378 331 in

73 351 232 410 sde
265 356 429 406 pendeat
461 355 510 409 Q
535 355 582 393 ab
616 355 686 393 alia
720 355 928 406 quantitate
951 356 1123 406 integrali
1148 365 1188 394 vt
1208 351 1376 408 sRdx,

86 427 170 457 tum
208 429 361 469 quoqne
393 418 503 456 valor
538 417 645 469 ipsius
678 417 705 456 P
736 417 781 455 ad
817 418 986 468 primam
1007 418 1157 457 claffem
1187 419 1381 469 pertinens

86 480 213 534 potest
247 479 437 532 vsurpairi,
475 480 499 519 si
531 480 686 531 quidem
707 475 862 530 sRdx
892 481 1009 517 etiam
1045 481 1144 519 inter
1163 490 1382 532 proprieta-

87 552 161 593 tes,
193 555 289 595 quac
323 542 507 581 omnibus
538 542 662 580 curuis
693 552 924 579 communes
958 539 1031 579 esse
1065 543 1231 592 debent,
1266 553 1380 594 repe*-

86 607 218 645 riatur.
284 604 368 644 Hoc
400 606 527 656 itaque
559 602 722 641 artificio
754 602 984 653 quaestiones
1008 604 1102 643 alias
1126 603 1379 644 difficillimae

85 668 207 708 solutu
243 667 452 707 admodum
487 665 615 704 faciles
647 665 864 703 redduntur.

204 762 235 810 (5.
272 773 342 809 34.
379 758 496 813 Quod
528 767 684 808 autem,
720 757 745 797 fi
778 757 826 813 Q
851 757 889 796 in
909 754 1061 814 sde
1098 760 1295 800 contineat
1337 759 1378 799 in

86 825 123 865 se
156 825 219 864 vel
251 833 379 862 arcum
412 833 431 860 s
465 820 527 859 vel
559 820 676 860 aliam
709 822 962 873 quantitatem
997 823 1251 875 integralem,
1293 833 1378 863 tum

85 888 197 929 valor
228 884 334 937 ipsius
374 883 399 922 Ρ
432 894 503 935 pro
536 880 648 922 claffe
680 882 834 924 secundi
868 885 992 937 magis
1027 884 1093 925 fiat
1124 886 1375 939 compositus,

85 960 201 1003 quam
237 960 308 999 pro
341 946 488 999 prima,
531 957 643 999 atque
684 948 724 986 in
769 947 1008 1000 sequentibus
1051 948 1219 989 claffibus
1261 949 1377 1002 plane

85 1023 166 1053 non
199 1009 376 1050 exhiberi
409 1018 545 1061 queat,
579 1009 645 1049 nisi
678 1009 740 1050 vel
777 1023 796 1050 s
827 1010 892 1050 vel
928 1011 1025 1051 aliae
1070 1024 1210 1052 omnes
1254 1010 1378 1065 quanss

83 1074 212 1115 titates
244 1073 470 1125 iiitegrale5‚
503 1085 599 1125 quae
635 1073 673 1112 in
717 1073 766 1129 Q
803 1074 1071 1124 continentur,
1112 1074 1223 1114 fimul
1276 1076 1377 1114 inter

79 1137 306 1191 quantitates
342 1135 558 1188 propositas
595 1136 855 1188 reperiantur,
889 1149 986 1189 quae
1023 1137 1270 1176 oninibusiis
1286 1149 1375 1177 cur-

80 1202 138 1241 uis
174 1210 407 1238 communes
438 1195 513 1237 effe
545 1199 702 1250 debent,
738 1211 789 1238 ex
825 1199 956 1252 quibus
985 1199 1145 1252 quaesita
1163 1200 1278 1240 debet
1302 1200 1376 1239 de-

82 1262 313 1312 terminari,
344 1262 423 1301 eius
456 1260 690 1301 difficultatis
722 1263 821 1301 ratio
856 1263 895 1300 in
929 1261 1004 1302 hoc
1036 1263 1224 1315 consistit3
1269 1263 1372 1315 quod

83 1325 266 1367 translato
298 1324 321 1364 b
353 1325 392 1363 in
428 1322 472 1374 ξ,
507 1324 601 1363 haec
638 1325 804 1364 mutatio
846 1336 926 1363 non
970 1335 1119 1365 tantum
1163 1325 1553 1381 expreffio-VT-„ibuiaix

81 1400 175 1430 nem
208 1387 254 1427 ad
287 1386 478 1426 elementa
511 1386 595 1427 abc
625 1387 887 1439 pertinentem
920 1386 1063 1427 afficiat
1094 1397 1133 1428 et
1164 1389 1374 1440 immutet,
1397 1375 1496 1412 Qum
1524 1383 1550 1401 ¹*

80 1451 143 1492 sed
175 1449 327 1502 insuper
357 1450 468 1502 ipsius
487 1447 636 1506 sde
668 1449 868 1501 valorem,
901 1450 966 1502 qni
998 1451 1181 1492 omnibns
1214 1450 1372 1505 sequen-

80 1514 180 1555 tibus
210 1512 415 1552 elementis
446 1512 532 1564 post
564 1525 585 1552 c
615 1513 832 1565 competit,
865 1511 1009 1553 afficiat
1039 1523 1151 1565 atque
1171 1515 1369 1569 immutet;

49 1575 412 1633 ,quemadmodum
447 1574 476 1614 fi
510 1587 552 1614 re
585 1573 660 1627 ipsa
701 1576 747 1615 ad
787 1575 978 1628 sequentia
1026 1576 1219 1618 elementa
1268 1577 1372 1618 hunc

46 1630 47 1633 ¹
80 1640 194 1693 ipsius
213 1633 363 1694 sde
395 1637 572 1678 valorem
604 1637 870 1691 applicemus,
904 1638 1029 1679 statim
1060 1640 1237 1680 elucebit.
1291 1640 1370 1681 Sed

82 1701 110 1744 si
144 1702 195 1757 Q
217 1702 256 1740 in
278 1697 421 1756 sde
452 1710 601 1746 tannim
635 1700 683 1740 ab
714 1711 743 1740 x
774 1709 815 1741 et
833 1714 868 1753 y
900 1700 1117 1755 horumque
1136 1701 1373 1743 differentia-

80 1764 179 1806 libus
209 1764 388 1816 cuiusque
419 1763 565 1803 ordinis
594 1764 783 1817 pendeat,
825 1772 910 1804 tum
951 1762 1030 1804 hoc
1068 1765 1371 1806 incommodum

81 1827 217 1868 locum
250 1838 331 1866 non
361 1825 501 1877 habet,
531 1825 592 1866 sed
626 1826 971 1880 quomodocunque
1011 1827 1195 1881 punctum
1235 1828 1260 1869 b
1300 1840 1372 1869 va-

81 1890 227 1940 rietur,
261 1898 390 1929 tamen
423 1888 518 1929 haec
551 1888 715 1929 variatio
750 1888 789 1929 in
821 1888 1010 1943 sequentia
1036 1891 1158 1943 postc
1178 1891 1371 1932 elementa

82 1952 231 1993 nullum
265 1952 431 1998 omnino
462 1951 580 1992 habet
611 1951 803 1992 influxum
821 1981 832 2003 ‚
868 1952 925 1993 vti
955 1964 1005 1994 ex
1038 1952 1160 1994 allatis
1177 1953 1288 1995 fitcile
1307 1955 1371 1994 in-

82 2013 285 2068 telligitur.

645 2109 715 2151 Aa
751 2123 776 2150 2
1238 2113 1270 2161 §.
1294 2120 1366 2161 35.
