1941 2674
413 73 712 119 PLANTARV
714 75 769 117 M
803 73 1049 117 GENERA.
1288 86 1311 112 2
1322 86 1338 112 1
1349 84 1371 123 5

205 191 752 236 SIPHONANTHEMVM
810 203 959 232 nomen
1016 189 1068 230 est
1115 190 1382 244 compositum

89 271 141 299 ex
174 259 374 299 vocabulis
404 259 548 311 graecis
582 251 739 307 σιΦον,
773 254 910 307 tubus,
952 264 992 295 et
1036 250 1244 310 ανθεμον,
1284 254 1381 306 flos,

90 322 195 376 quast
227 322 372 363 diceres
404 322 577 377 plantam
611 321 709 361 fior-e
742 318 930 360 tubulato.

466 444 660 487 GENVS
694 443 995 502 QVARTVM.

229 520 755 583 PTEROSPERM
761 518 1247 578 ADENDRON.

203 636 915 684 PTEROSPERMADENDRON
959 637 1013 676 est
1059 635 1212 706 plantae
1260 649 1464 690 genusrraub
1466 655 1491 686 la
1499 655 1582 688 xm

88 705 188 747 flore
221 705 260 745 A
292 703 475 752 rosaceo
507 702 686 755 plurimis
717 701 858 740 icilicct
889 699 1026 753 petalis
1060 700 1099 738 in
1131 700 1270 739 orbem
1305 713 1384 753 po-

88 768 164 810 fitis
194 766 414 816 c0nst2,1nte
449 776 500 803 ex
531 765 637 803 cuius
670 763 804 814 calyce
841 763 957 815 iurgit
988 761 1174 814 pistillum
1195 763 1385 812 embryo-

88 843 139 870 ne
169 842 196 869 a
234 828 485 878 iiistrufflim,
531 826 595 879 qui
630 826 771 866 deinde
804 825 882 865 abit
914 826 954 865 in
987 824 1155 865 fructum
1187 822 1221 864 C
1249 825 1382 878 ligno-

87 893 196 944 sum,
229 890 476 943 filiquosum,
512 890 624 942 apice
655 889 946 939 dehiscentem,
978 888 1016 927 in
1060 888 1227 942 quinque
1267 889 1383 929 locu—

88 955 258 997 lamenta
286 953 331 994 D
362 953 526 994 diuisum
544 983 561 1004 ,.
592 951 799 993 seminibus
830 951 932 993 foeta
966 950 1077 991 alatis
1109 951 1164 992 E.

109 1083 115 1088 ’
150 1078 187 1121 1.
222 1077 940 1122 PTEROSPERMADENDRON
981 1077 1123 1118 suberis
1172 1078 1271 1119 folio
1311 1092 1384 1119 an-

274 1143 437 1197 guloso,
480 1143 605 1184 subtus
636 1143 801 1192 incano‚
843 1142 1000 1184 floribus
1040 1141 1148 1182 albis.
1248 1142 1383 1183 Arbor

276 1205 550 1259 Champaccae
581 1206 724 1247 suberis
755 1206 876 1257 folio,
911 1205 1032 1245 fruetu
1063 1205 1220 1258 ligneo,
1262 1205 1383 1247 semi-

279 1270 388 1310 nibus
418 1270 526 1310 alatis
557 1269 701 1311 referto
734 1265 837 1324 Mzgs.
874 1268 1035 1310 Petiuen
1068 1281 1106 1308 n.
1145 1281 1249 1319 349.

205 1396 327 1440 Rami
359 1396 472 1439 huius
502 1397 649 1438 arboris
687 1396 783 1438 resti
823 1395 934 1448 sunt,
982 1407 1126 1450 paucos
1164 1394 1257 1437 hinc
1293 1396 1384 1437 inde

87 1460 266 1503 laterales
296 1461 471 1501 ramulos
505 1462 752 1512 emittentes,
785 1460 934 1500 cortice
953 1457 1110 1500 obducti
1130 1468 1243 1499 extus
1261 1458 1386 1513 susc0,

85 1525 189 1566 intus
219 1523 352 1565 viridi.
419 1523 592 1578 Lignum
623 1536 775 1579 quoque
810 1522 1009 1564 subuiridis
1039 1521 1093 1562 est
1125 1522 1280 1563 coloris.

204 1619 314 1661 Folia
346 1618 456 1659 nullo
487 1618 626 1659 ordine
657 1617 835 1672 disposita
867 1618 985 1670 longa
1019 1615 1104 1656 sunt
1145 1625 1224 1656 tres
1263 1616 1381 1657 circi-

90 1692 149 1724 ter
181 1682 365 1736 pollices,
399 1680 631 1722 sescunciam
662 1681 764 1729 lata,
798 1680 925 1721 versus
958 1690 1183 1721 extremum
1215 1680 1382 1732 angulo-

89 1747 151 1798 sa,
184 1743 324 1796 craffa,
357 1745 514 1798 superne
549 1744 716 1797 viridia,
748 1744 894 1784 inferne
912 1743 1072 1794 incana,
1106 1742 1294 1796 pediculis
1311 1743 1384 1784 ade-

91 1808 256 1850 modum
305 1808 488 1849 breuibus>
533 1805 710 1861 appensa.
773 1806 930 1848 Neruus
969 1806 1120 1848 medius
1168 1803 1383 1859 foliorum,

91 1872 219 1912 auersa
250 1872 458 1924 praecipue
492 1881 600 1925 parte
641 1871 886 1925 conspicuus,
939 1870 1067 1922 tenui,
1118 1869 1232 1911 valde
1272 1869 1382 1910 breui

89 1935 266 1989 iuluaque
297 1934 477 1988 lanugine
507 1932 684 1975 obtectus
713 1934 778 1976 est.

1220 2069 1353 2112 Flores
1365 2099 1378 2123 ,
