<?xml version="1.0" encoding="UTF-8"?>
<!DOCTYPE html PUBLIC "-//W3C//DTD XHTML 1.0 Transitional//EN"
    "http://www.w3.org/TR/xhtml1/DTD/xhtml1-transitional.dtd">
<html xmlns="http://www.w3.org/1999/xhtml" xml:lang="en" lang="en">
 <head>
  <title>
</title>
<meta http-equiv="Content-Type" content="text/html;charset=utf-8" />
  <meta name='ocr-system' content='tesseract 3.04.00' />
  <meta name='ocr-capabilities' content='ocr_page ocr_carea ocr_par ocr_line ocrx_word'/>
</head>
<body>
  <div class='ocr_page' id='page_1' title='image "./commentariiacade08impe_0410.png"; bbox 0 0 1941 2674; ppageno 0'>
   <div class='ocr_carea' id='block_1_1' title="bbox 509 96 1408 161">
    <p class='ocr_par' dir='ltr' id='par_1_1' title="bbox 509 96 1408 161">
     <span class='ocr_line' id='line_1_1' title="bbox 509 96 1408 161; baseline -0.003 -12"><span class='ocrx_word' id='word_1_1' title='bbox 509 108 598 161; x_wconf 53' lang='grc' dir='ltr'>με</span> <span class='ocrx_word' id='word_1_2' title='bbox 881 101 969 148; x_wconf 81' lang='lat' dir='ltr'>DE</span> <span class='ocrx_word' id='word_1_3' title='bbox 1002 99 1183 149; x_wconf 79' lang='lat' dir='ltr'><em>NVMO</em></span> <span class='ocrx_word' id='word_1_4' title='bbox 1216 96 1408 147; x_wconf 70' lang='lat' dir='ltr'>MVSEr</span> 
     </span>
    </p>
   </div>
   <div class='ocr_carea' id='block_1_2' title="bbox 498 218 1831 2022">
    <p class='ocr_par' dir='ltr' id='par_1_2' title="bbox 498 218 1831 1973">
     <span class='ocr_line' id='line_1_2' title="bbox 498 218 1792 275; baseline -0.001 -12"><span class='ocrx_word' id='word_1_5' title='bbox 498 231 606 271; x_wconf 77' lang='lat' dir='ltr'>tem,</span> <span class='ocrx_word' id='word_1_6' title='bbox 643 230 761 275; x_wconf 85' lang='lat' dir='ltr'>neque</span> <span class='ocrx_word' id='word_1_7' title='bbox 791 220 891 275; x_wconf 86' lang='lat' dir='ltr'>apud</span> <span class='ocrx_word' id='word_1_8' title='bbox 922 220 1132 261; x_wconf 88' lang='lat' dir='ltr'>Henricum</span> <span class='ocrx_word' id='word_1_9' title='bbox 1159 220 1355 263; x_wconf 86' lang='lat' dir='ltr'>Norisium</span> <span class='ocrx_word' id='word_1_10' title='bbox 1389 218 1443 269; x_wconf 75' lang='lat' dir='ltr'>(k)</span> <span class='ocrx_word' id='word_1_11' title='bbox 1474 226 1537 259; x_wconf 85' lang='lat' dir='ltr'>aut</span> <span class='ocrx_word' id='word_1_12' title='bbox 1568 220 1666 273; x_wconf 86' lang='lat' dir='ltr'>apud</span> <span class='ocrx_word' id='word_1_13' title='bbox 1697 220 1792 262; x_wconf 82' lang='lat' dir='ltr'>alios</span> 
     </span>
     <span class='ocr_line' id='line_1_3' title="bbox 500 283 1790 338; baseline -0.002 -11"><span class='ocrx_word' id='word_1_14' title='bbox 500 285 541 327; x_wconf 89' lang='lat' dir='ltr'>in</span> <span class='ocrx_word' id='word_1_15' title='bbox 559 285 825 326; x_wconf 79' lang='lat' dir='ltr'>Emisenorum</span> <span class='ocrx_word' id='word_1_16' title='bbox 852 285 977 325; x_wconf 89' lang='lat' dir='ltr'>numis</span> <span class='ocrx_word' id='word_1_17' title='bbox 1001 286 1194 338; x_wconf 87' lang='lat' dir='ltr'>reperitur.</span> <span class='ocrx_word' id='word_1_18' title='bbox 1236 285 1300 324; x_wconf 89' lang='lat' dir='ltr'>Ad</span> <span class='ocrx_word' id='word_1_19' title='bbox 1322 283 1523 323; x_wconf 77' lang='lat' dir='ltr'>Edessenos</span> <span class='ocrx_word' id='word_1_20' title='bbox 1548 284 1651 323; x_wconf 89' lang='lat' dir='ltr'>enim</span> <span class='ocrx_word' id='word_1_21' title='bbox 1678 297 1790 337; x_wconf 84' lang='lat' dir='ltr'>quam</span> 
     </span>
     <span class='ocr_line' id='line_1_4' title="bbox 501 344 1791 403; baseline -0.002 -15"><span class='ocrx_word' id='word_1_22' title='bbox 501 350 682 403; x_wconf 84' lang='lat' dir='ltr'>proxime</span> <span class='ocrx_word' id='word_1_23' title='bbox 713 348 876 396; x_wconf 84' lang='lat' dir='ltr'>accedit,</span> <span class='ocrx_word' id='word_1_24' title='bbox 914 347 983 389; x_wconf 88' lang='lat' dir='ltr'>nisi</span> <span class='ocrx_word' id='word_1_25' title='bbox 1013 348 1113 400; x_wconf 92' lang='lat' dir='ltr'>quod</span> <span class='ocrx_word' id='word_1_26' title='bbox 1144 348 1237 387; x_wconf 82' lang='lat' dir='ltr'>astra</span> <span class='ocrx_word' id='word_1_27' title='bbox 1268 346 1397 386; x_wconf 82' lang='lat' dir='ltr'>desint.</span> <span class='ocrx_word' id='word_1_28' title='bbox 1438 344 1689 398; x_wconf 88' lang='lat' dir='ltr'>Spanhemius</span> <span class='ocrx_word' id='word_1_29' title='bbox 1721 360 1791 386; x_wconf 90' lang='lat' dir='ltr'>nu-</span> 
     </span>
     <span class='ocr_line' id='line_1_5' title="bbox 503 407 1794 462; baseline -0.002 -12"><span class='ocrx_word' id='word_1_30' title='bbox 503 423 615 451; x_wconf 79' lang='lat' dir='ltr'>mum</span> <span class='ocrx_word' id='word_1_31' title='bbox 658 423 680 451; x_wconf 85' lang='lat' dir='ltr'>a</span> <span class='ocrx_word' id='word_1_32' title='bbox 720 410 862 450; x_wconf 86' lang='lat' dir='ltr'>Ioanne</span> <span class='ocrx_word' id='word_1_33' title='bbox 893 410 1054 450; x_wconf 81' lang='lat' dir='ltr'>Valente</span> <span class='ocrx_word' id='word_1_34' title='bbox 1094 411 1234 450; x_wconf 88' lang='lat' dir='ltr'>editum</span> <span class='ocrx_word' id='word_1_35' title='bbox 1279 407 1561 462; x_wconf 84' lang='lat' dir='ltr'>inscriptumque</span> <span class='ocrx_word' id='word_1_36' title='bbox 1601 409 1794 449; x_wconf 77' lang='grc' dir='ltr'><strong>ΚΟΛΩ.</strong></span> 
     </span>
     <span class='ocr_line' id='line_1_6' title="bbox 502 471 1796 526; baseline -0.002 -12"><span class='ocrx_word' id='word_1_37' title='bbox 502 474 637 514; x_wconf 84' lang='grc' dir='ltr'><strong>ΜΑΡ.</strong></span> <span class='ocrx_word' id='word_1_38' title='bbox 658 474 797 515; x_wconf 88' lang='grc' dir='ltr'><strong>ΕΔΕ.</strong></span> <span class='ocrx_word' id='word_1_39' title='bbox 825 472 1022 513; x_wconf 84' lang='lat' dir='ltr'>Harduino</span> <span class='ocrx_word' id='word_1_40' title='bbox 1049 473 1233 526; x_wconf 82' lang='lat' dir='ltr'><strong>rependit.</strong></span> <span class='ocrx_word' id='word_1_41' title='bbox 1301 471 1369 512; x_wconf 92' lang='lat' dir='ltr'>Est</span> <span class='ocrx_word' id='word_1_42' title='bbox 1397 472 1494 524; x_wconf 87' lang='lat' dir='ltr'>apud</span> <span class='ocrx_word' id='word_1_43' title='bbox 1522 474 1684 511; x_wconf 85' lang='lat' dir='ltr'>eundem</span> <span class='ocrx_word' id='word_1_44' title='bbox 1712 472 1796 512; x_wconf 89' lang='lat' dir='ltr'>Va-</span> 
     </span>
     <span class='ocr_line' id='line_1_7' title="bbox 501 529 1795 591; baseline -0.002 -14"><span class='ocrx_word' id='word_1_45' title='bbox 501 536 647 578; x_wconf 85' lang='lat' dir='ltr'>lentem</span> <span class='ocrx_word' id='word_1_46' title='bbox 680 549 812 577; x_wconf 90' lang='lat' dir='ltr'>numus</span> <span class='ocrx_word' id='word_1_47' title='bbox 842 549 931 576; x_wconf 91' lang='lat' dir='ltr'>cum</span> <span class='ocrx_word' id='word_1_48' title='bbox 964 536 1155 589; x_wconf 85' lang='lat' dir='ltr'>Elagabali</span> <span class='ocrx_word' id='word_1_49' title='bbox 1192 529 1385 591; x_wconf 58' lang='grc' dir='ltr'>προἿομῇ</span> <span class='ocrx_word' id='word_1_50' title='bbox 1414 544 1452 574; x_wconf 89' lang='lat' dir='ltr'>et</span> <span class='ocrx_word' id='word_1_51' title='bbox 1484 533 1589 574; x_wconf 84' lang='lat' dir='ltr'>vultu</span> <span class='ocrx_word' id='word_1_52' title='bbox 1622 535 1704 574; x_wconf 76' lang='lat' dir='ltr'>iblis</span> <span class='ocrx_word' id='word_1_53' title='bbox 1734 547 1795 575; x_wconf 87' lang='lat' dir='ltr'>ra-</span> 
     </span>
     <span class='ocr_line' id='line_1_8' title="bbox 501 595 1794 653; baseline -0.002 -14"><span class='ocrx_word' id='word_1_54' title='bbox 501 600 592 640; x_wconf 85' lang='lat' dir='ltr'>diati</span> <span class='ocrx_word' id='word_1_55' title='bbox 612 631 622 650; x_wconf 90' lang='lat'>‚</span> <span class='ocrx_word' id='word_1_56' title='bbox 677 600 866 653; x_wconf 75' lang='lat' dir='ltr'>inscriptus</span> <span class='ocrx_word' id='word_1_57' title='bbox 898 599 1025 639; x_wconf 70' lang='lat' dir='ltr'>Evn.</span> <span class='ocrx_word' id='word_1_58' title='bbox 1063 599 1200 639; x_wconf 84' lang='lat' dir='ltr'><strong>KOA.</strong></span> <span class='ocrx_word' id='word_1_59' title='bbox 1244 595 1374 642; x_wconf 74' lang='lat' dir='ltr'>Emifa</span> <span class='ocrx_word' id='word_1_60' title='bbox 1411 596 1549 638; x_wconf 74' lang='lat' dir='ltr'>colonia</span> <span class='ocrx_word' id='word_1_61' title='bbox 1580 607 1618 637; x_wconf 91' lang='lat' dir='ltr'>et</span> <span class='ocrx_word' id='word_1_62' title='bbox 1648 598 1794 639; x_wconf 86' lang='lat' dir='ltr'>exstant</span> 
     </span>
     <span class='ocr_line' id='line_1_9' title="bbox 501 660 1791 716; baseline 0 -15"><span class='ocrx_word' id='word_1_63' title='bbox 501 675 649 716; x_wconf 85' lang='lat' dir='ltr'>qnoque</span> <span class='ocrx_word' id='word_1_64' title='bbox 692 664 729 702; x_wconf 89' lang='lat' dir='ltr'>in</span> <span class='ocrx_word' id='word_1_65' title='bbox 774 662 930 703; x_wconf 84' lang='lat' dir='ltr'>aliarum</span> <span class='ocrx_word' id='word_1_66' title='bbox 974 663 1124 702; x_wconf 86' lang='lat' dir='ltr'>vrbium</span> <span class='ocrx_word' id='word_1_67' title='bbox 1176 663 1300 701; x_wconf 81' lang='lat' dir='ltr'>numis</span> <span class='ocrx_word' id='word_1_68' title='bbox 1345 660 1603 700; x_wconf 85' lang='lat' dir='ltr'>huiuscemodi</span> <span class='ocrx_word' id='word_1_69' title='bbox 1644 660 1791 701; x_wconf 86' lang='lat' dir='ltr'>formae</span> 
     </span>
     <span class='ocr_line' id='line_1_10' title="bbox 501 715 1791 782; baseline -0.001 -17"><span class='ocrx_word' id='word_1_70' title='bbox 501 725 694 779; x_wconf 79' lang='lat' dir='ltr'>exempla.</span> <span class='ocrx_word' id='word_1_71' title='bbox 761 726 1005 782; x_wconf 79' lang='lat' dir='ltr'>Quamquam</span> <span class='ocrx_word' id='word_1_72' title='bbox 1042 738 1118 764; x_wconf 91' lang='lat' dir='ltr'>non</span> <span class='ocrx_word' id='word_1_73' title='bbox 1153 725 1205 765; x_wconf 88' lang='lat' dir='ltr'>est</span> <span class='ocrx_word' id='word_1_74' title='bbox 1242 725 1472 764; x_wconf 87' lang='lat' dir='ltr'>reticendum</span> <span class='ocrx_word' id='word_1_75' title='bbox 1496 754 1506 772; x_wconf 90' lang='lat'>‚</span> <span class='ocrx_word' id='word_1_76' title='bbox 1549 733 1702 777; x_wconf 87' lang='lat' dir='ltr'>propter</span> <span class='ocrx_word' id='word_1_77' title='bbox 1722 715 1791 764; x_wconf 65' lang='lat' dir='ltr'>&#39;ni-</span> 
     </span>
     <span class='ocr_line' id='line_1_11' title="bbox 501 786 1793 840; baseline -0.002 -12"><span class='ocrx_word' id='word_1_78' title='bbox 501 789 627 829; x_wconf 84' lang='lat' dir='ltr'>mium</span> <span class='ocrx_word' id='word_1_79' title='bbox 660 787 863 840; x_wconf 82' lang='lat' dir='ltr'>elegantiae</span> <span class='ocrx_word' id='word_1_80' title='bbox 895 798 932 827; x_wconf 88' lang='lat' dir='ltr'>et</span> <span class='ocrx_word' id='word_1_81' title='bbox 963 788 1217 827; x_wconf 75' lang='lat' dir='ltr'>concinnitatis</span> <span class='ocrx_word' id='word_1_82' title='bbox 1252 787 1410 826; x_wconf 83' lang='lat' dir='ltr'>studium</span> <span class='ocrx_word' id='word_1_83' title='bbox 1453 787 1676 839; x_wconf 73' lang='lat' dir='ltr'>antiquarios</span> <span class='ocrx_word' id='word_1_84' title='bbox 1708 786 1793 839; x_wconf 86' lang='lat' dir='ltr'>ple-</span> 
     </span>
     <span class='ocr_line' id='line_1_12' title="bbox 501 849 1792 904; baseline -0.002 -13"><span class='ocrx_word' id='word_1_85' title='bbox 501 863 632 904; x_wconf 84' lang='lat' dir='ltr'>rosque</span> <span class='ocrx_word' id='word_1_86' title='bbox 664 850 846 899; x_wconf 86' lang='lat' dir='ltr'>effeciffe,</span> <span class='ocrx_word' id='word_1_87' title='bbox 879 859 923 890; x_wconf 85' lang='lat' dir='ltr'>vt</span> <span class='ocrx_word' id='word_1_88' title='bbox 949 863 1082 890; x_wconf 89' lang='lat' dir='ltr'>eorum</span> <span class='ocrx_word' id='word_1_89' title='bbox 1113 851 1151 889; x_wconf 93' lang='lat' dir='ltr'>in</span> <span class='ocrx_word' id='word_1_90' title='bbox 1182 850 1356 902; x_wconf 78' lang='lat' dir='ltr'>operibus</span> <span class='ocrx_word' id='word_1_91' title='bbox 1387 849 1485 889; x_wconf 84' lang='lat' dir='ltr'>haud</span> <span class='ocrx_word' id='word_1_92' title='bbox 1516 849 1626 898; x_wconf 86' lang='lat' dir='ltr'>scias,</span> <span class='ocrx_word' id='word_1_93' title='bbox 1663 850 1792 903; x_wconf 83' lang='lat' dir='ltr'>plusne</span> 
     </span>
     <span class='ocr_line' id='line_1_13' title="bbox 501 912 1793 965; baseline 0 -12"><span class='ocrx_word' id='word_1_94' title='bbox 501 913 633 961; x_wconf 77' lang='lat' dir='ltr'>huicce</span> <span class='ocrx_word' id='word_1_95' title='bbox 660 914 714 953; x_wconf 88' lang='lat' dir='ltr'>rei</span> <span class='ocrx_word' id='word_1_96' title='bbox 740 922 779 953; x_wconf 89' lang='lat' dir='ltr'>et</span> <span class='ocrx_word' id='word_1_97' title='bbox 806 914 868 953; x_wconf 86' lang='lat' dir='ltr'>suo</span> <span class='ocrx_word' id='word_1_98' title='bbox 894 913 1058 963; x_wconf 87' lang='lat' dir='ltr'>iudicio,</span> <span class='ocrx_word' id='word_1_99' title='bbox 1094 926 1205 965; x_wconf 78' lang='lat' dir='ltr'>quam</span> <span class='ocrx_word' id='word_1_100' title='bbox 1237 912 1380 951; x_wconf 87' lang='lat' dir='ltr'>veritati</span> <span class='ocrx_word' id='word_1_101' title='bbox 1414 912 1651 952; x_wconf 62' lang='lat' dir='ltr'>inser-uictine</span> <span class='ocrx_word' id='word_1_102' title='bbox 1719 913 1793 953; x_wconf 80' lang='lat' dir='ltr'>Fa-</span> 
     </span>
     <span class='ocr_line' id='line_1_14' title="bbox 503 975 1795 1027; baseline 0 -12"><span class='ocrx_word' id='word_1_103' title='bbox 503 976 576 1016; x_wconf 89' lang='lat' dir='ltr'>cile</span> <span class='ocrx_word' id='word_1_104' title='bbox 611 976 828 1027; x_wconf 87' lang='lat' dir='ltr'>contingere</span> <span class='ocrx_word' id='word_1_105' title='bbox 859 976 1001 1027; x_wconf 89' lang='lat' dir='ltr'>potuit,</span> <span class='ocrx_word' id='word_1_106' title='bbox 1045 983 1108 1024; x_wconf 84' lang='lat' dir='ltr'>vt,</span> <span class='ocrx_word' id='word_1_107' title='bbox 1154 975 1182 1015; x_wconf 88' lang='lat' dir='ltr'>si</span> <span class='ocrx_word' id='word_1_108' title='bbox 1214 987 1307 1026; x_wconf 84' lang='lat' dir='ltr'>quae</span> <span class='ocrx_word' id='word_1_109' title='bbox 1337 975 1501 1023; x_wconf 81' lang='lat' dir='ltr'>litterae,</span> <span class='ocrx_word' id='word_1_110' title='bbox 1538 976 1795 1027; x_wconf 82' lang='lat' dir='ltr'>quemadmo-</span> 
     </span>
     <span class='ocr_line' id='line_1_15' title="bbox 503 1036 1797 1088; baseline 0.001 -10"><span class='ocrx_word' id='word_1_111' title='bbox 503 1038 597 1079; x_wconf 90' lang='lat' dir='ltr'>dum</span> <span class='ocrx_word' id='word_1_112' title='bbox 625 1038 827 1078; x_wconf 88' lang='lat' dir='ltr'>innumeris</span> <span class='ocrx_word' id='word_1_113' title='bbox 854 1038 892 1078; x_wconf 92' lang='lat' dir='ltr'>in</span> <span class='ocrx_word' id='word_1_114' title='bbox 918 1036 1198 1077; x_wconf 77' lang='lat' dir='ltr'>numismatibus</span> <span class='ocrx_word' id='word_1_115' title='bbox 1224 1036 1379 1085; x_wconf 86' lang='lat' dir='ltr'>accidit,</span> <span class='ocrx_word' id='word_1_116' title='bbox 1412 1038 1581 1088; x_wconf 82' lang='lat' dir='ltr'>margine</span> <span class='ocrx_word' id='word_1_117' title='bbox 1608 1039 1703 1078; x_wconf 88' lang='lat' dir='ltr'>inter</span> <span class='ocrx_word' id='word_1_118' title='bbox 1727 1051 1797 1080; x_wconf 86' lang='lat' dir='ltr'>cu·</span> 
     </span>
     <span class='ocr_line' id='line_1_16' title="bbox 502 1094 1797 1152; baseline -0.003 -12"><span class='ocrx_word' id='word_1_119' title='bbox 502 1101 673 1141; x_wconf 88' lang='lat' dir='ltr'>dendum</span> <span class='ocrx_word' id='word_1_120' title='bbox 703 1101 921 1142; x_wconf 86' lang='lat' dir='ltr'>detruncato</span> <span class='ocrx_word' id='word_1_121' title='bbox 952 1099 1116 1140; x_wconf 79' lang='lat' dir='ltr'>abscissae</span> <span class='ocrx_word' id='word_1_122' title='bbox 1149 1100 1248 1149; x_wconf 90' lang='lat' dir='ltr'>sunt,</span> <span class='ocrx_word' id='word_1_123' title='bbox 1283 1098 1330 1139; x_wconf 87' lang='lat' dir='ltr'>ab</span> <span class='ocrx_word' id='word_1_124' title='bbox 1357 1099 1562 1152; x_wconf 84' lang='lat' dir='ltr'>antiquariis</span> <span class='ocrx_word' id='word_1_125' title='bbox 1590 1100 1722 1140; x_wconf 91' lang='lat' dir='ltr'>deinde</span> <span class='ocrx_word' id='word_1_126' title='bbox 1747 1094 1797 1144; x_wconf 82' lang='lat' dir='ltr'>fi-</span> 
     </span>
     <span class='ocr_line' id='line_1_17' title="bbox 506 1162 1793 1216; baseline 0.001 -13"><span class='ocrx_word' id='word_1_127' title='bbox 506 1176 555 1203; x_wconf 91' lang='lat' dir='ltr'>ne</span> <span class='ocrx_word' id='word_1_128' title='bbox 587 1164 782 1204; x_wconf 84' lang='lat' dir='ltr'>notatione</span> <span class='ocrx_word' id='word_1_129' title='bbox 814 1162 1132 1216; x_wconf 78' lang='lat' dir='ltr'>relinquerentur,</span> <span class='ocrx_word' id='word_1_130' title='bbox 1173 1171 1372 1215; x_wconf 82' lang='lat' dir='ltr'>tamquam</span> <span class='ocrx_word' id='word_1_131' title='bbox 1407 1162 1434 1203; x_wconf 89' lang='lat' dir='ltr'><strong>fi</strong></span> <span class='ocrx_word' id='word_1_132' title='bbox 1466 1162 1627 1203; x_wconf 81' lang='lat' dir='ltr'>deessent</span> <span class='ocrx_word' id='word_1_133' title='bbox 1658 1163 1793 1204; x_wconf 86' lang='lat' dir='ltr'>nullae.</span> 
     </span>
     <span class='ocr_line' id='line_1_18' title="bbox 504 1225 1798 1283; baseline 0.001 -17"><span class='ocrx_word' id='word_1_134' title='bbox 504 1225 552 1266; x_wconf 90' lang='lat' dir='ltr'>In</span> <span class='ocrx_word' id='word_1_135' title='bbox 583 1226 660 1266; x_wconf 92' lang='lat' dir='ltr'>hoc</span> <span class='ocrx_word' id='word_1_136' title='bbox 690 1226 857 1267; x_wconf 90' lang='lat' dir='ltr'>instituto</span> <span class='ocrx_word' id='word_1_137' title='bbox 888 1235 1032 1267; x_wconf 84' lang='lat' dir='ltr'>veteres</span> <span class='ocrx_word' id='word_1_138' title='bbox 1063 1238 1201 1266; x_wconf 85' lang='lat' dir='ltr'>numos</span> <span class='ocrx_word' id='word_1_139' title='bbox 1234 1225 1469 1279; x_wconf 87' lang='lat' dir='ltr'>exprimendi</span> <span class='ocrx_word' id='word_1_140' title='bbox 1509 1234 1702 1283; x_wconf 79' lang='lat' dir='ltr'>tamquam</span> <span class='ocrx_word' id='word_1_141' title='bbox 1735 1228 1798 1267; x_wconf 83' lang='lat' dir='ltr'>in-</span> 
     </span>
     <span class='ocr_line' id='line_1_19' title="bbox 504 1284 1798 1345; baseline 0.001 -16"><span class='ocrx_word' id='word_1_142' title='bbox 504 1289 651 1342; x_wconf 85' lang='lat' dir='ltr'>tegros,</span> <span class='ocrx_word' id='word_1_143' title='bbox 684 1301 861 1342; x_wconf 82' lang='lat' dir='ltr'>nusquam</span> <span class='ocrx_word' id='word_1_144' title='bbox 895 1298 974 1329; x_wconf 87' lang='lat' dir='ltr'>tuta</span> <span class='ocrx_word' id='word_1_145' title='bbox 1008 1289 1110 1329; x_wconf 84' lang='lat' dir='ltr'>fides.</span> <span class='ocrx_word' id='word_1_146' title='bbox 1177 1288 1256 1345; x_wconf 82' lang='lat' dir='ltr'>Qui</span> <span class='ocrx_word' id='word_1_147' title='bbox 1288 1300 1426 1328; x_wconf 87' lang='lat' dir='ltr'>numos</span> <span class='ocrx_word' id='word_1_148' title='bbox 1455 1284 1622 1329; x_wconf 85' lang='lat' dir='ltr'>Graecos</span> <span class='ocrx_word' id='word_1_149' title='bbox 1647 1290 1798 1343; x_wconf 84' lang='lat' dir='ltr'>copiose</span> 
     </span>
     <span class='ocr_line' id='line_1_20' title="bbox 502 1351 1831 1406; baseline 0.001 -14"><span class='ocrx_word' id='word_1_150' title='bbox 502 1352 692 1403; x_wconf 60' lang='lat' dir='ltr'>tractarit,</span> <span class='ocrx_word' id='word_1_151' title='bbox 728 1352 815 1406; x_wconf 90' lang='lat' dir='ltr'>quid</span> <span class='ocrx_word' id='word_1_152' title='bbox 850 1352 999 1402; x_wconf 85' lang='lat' dir='ltr'>dicam,</span> <span class='ocrx_word' id='word_1_153' title='bbox 1031 1360 1283 1405; x_wconf 87' lang='lat' dir='ltr'>quantumque</span> <span class='ocrx_word' id='word_1_154' title='bbox 1315 1351 1532 1391; x_wconf 89' lang='lat' dir='ltr'>detrimenti</span> <span class='ocrx_word' id='word_1_155' title='bbox 1558 1364 1601 1392; x_wconf 87' lang='lat' dir='ltr'>ea</span> <span class='ocrx_word' id='word_1_156' title='bbox 1627 1364 1677 1393; x_wconf 87' lang='lat' dir='ltr'>ex</span> <span class='ocrx_word' id='word_1_157' title='bbox 1703 1365 1800 1393; x_wconf 83' lang='lat' dir='ltr'>con·-</span> <span class='ocrx_word' id='word_1_158' title='bbox 1824 1351 1831 1376; x_wconf 39' lang='lat'>&#39;¹</span> 
     </span>
     <span class='ocr_line' id='line_1_21' title="bbox 505 1414 1800 1469; baseline 0.001 -14"><span class='ocrx_word' id='word_1_159' title='bbox 505 1415 681 1456; x_wconf 87' lang='lat' dir='ltr'>cinnitate</span> <span class='ocrx_word' id='word_1_160' title='bbox 708 1416 963 1469; x_wconf 87' lang='lat' dir='ltr'>importatum</span> <span class='ocrx_word' id='word_1_161' title='bbox 991 1415 1057 1465; x_wconf 87' lang='lat' dir='ltr'>sit,</span> <span class='ocrx_word' id='word_1_162' title='bbox 1093 1414 1219 1455; x_wconf 88' lang='lat' dir='ltr'>secum</span> <span class='ocrx_word' id='word_1_163' title='bbox 1247 1414 1364 1454; x_wconf 84' lang='lat' dir='ltr'>velim</span> <span class='ocrx_word' id='word_1_164' title='bbox 1392 1414 1546 1455; x_wconf 84' lang='lat' dir='ltr'>recolat.</span> <span class='ocrx_word' id='word_1_165' title='bbox 1608 1415 1800 1456; x_wconf 87' lang='lat' dir='ltr'>Antonius</span> 
     </span>
     <span class='ocr_line' id='line_1_22' title="bbox 504 1476 1796 1531; baseline 0.001 -13"><span class='ocrx_word' id='word_1_166' title='bbox 504 1477 635 1530; x_wconf 78' lang='lat' dir='ltr'>Pagius</span> <span class='ocrx_word' id='word_1_167' title='bbox 655 1508 666 1528; x_wconf 88' lang='lat'>,</span> <span class='ocrx_word' id='word_1_168' title='bbox 716 1477 946 1531; x_wconf 76' lang='lat' dir='ltr'>grauissimus</span> <span class='ocrx_word' id='word_1_169' title='bbox 975 1477 1080 1518; x_wconf 88' lang='lat' dir='ltr'>idem</span> <span class='ocrx_word' id='word_1_170' title='bbox 1113 1486 1150 1516; x_wconf 85' lang='lat' dir='ltr'>et</span> <span class='ocrx_word' id='word_1_171' title='bbox 1180 1476 1414 1530; x_wconf 85' lang='lat' dir='ltr'>aequissimus</span> <span class='ocrx_word' id='word_1_172' title='bbox 1444 1478 1601 1527; x_wconf 82' lang='lat' dir='ltr'>censor,</span> <span class='ocrx_word' id='word_1_173' title='bbox 1652 1491 1741 1519; x_wconf 90' lang='lat' dir='ltr'>cum</span> <span class='ocrx_word' id='word_1_174' title='bbox 1760 1491 1796 1519; x_wconf 71' lang='lat' dir='ltr'>a</span> 
     </span>
     <span class='ocr_line' id='line_1_23' title="bbox 505 1538 1795 1595; baseline 0.001 -15"><span class='ocrx_word' id='word_1_175' title='bbox 505 1551 626 1580; x_wconf 89' lang='lat' dir='ltr'>numo</span> <span class='ocrx_word' id='word_1_176' title='bbox 655 1539 838 1590; x_wconf 84' lang='lat' dir='ltr'>Traiani,</span> <span class='ocrx_word' id='word_1_177' title='bbox 880 1551 923 1581; x_wconf 87' lang='lat' dir='ltr'>vt</span> <span class='ocrx_word' id='word_1_178' title='bbox 955 1552 1043 1580; x_wconf 90' lang='lat' dir='ltr'>eum</span> <span class='ocrx_word' id='word_1_179' title='bbox 1075 1538 1230 1580; x_wconf 80' lang='lat' dir='ltr'>Carolus</span> <span class='ocrx_word' id='word_1_180' title='bbox 1264 1541 1410 1580; x_wconf 88' lang='lat' dir='ltr'>Patinus</span> <span class='ocrx_word' id='word_1_181' title='bbox 1440 1541 1604 1581; x_wconf 85' lang='lat' dir='ltr'>ediderat</span> <span class='ocrx_word' id='word_1_182' title='bbox 1623 1571 1634 1589; x_wconf 89' lang='lat'>‚</span> <span class='ocrx_word' id='word_1_183' title='bbox 1675 1553 1795 1595; x_wconf 84' lang='lat' dir='ltr'>prope</span> 
     </span>
     <span class='ocr_line' id='line_1_24' title="bbox 504 1603 1796 1656; baseline 0.002 -13"><span class='ocrx_word' id='word_1_184' title='bbox 504 1604 776 1645; x_wconf 84' lang='lat' dir='ltr'>circumuentus</span> <span class='ocrx_word' id='word_1_185' title='bbox 810 1612 918 1656; x_wconf 87' lang='lat' dir='ltr'>atque</span> <span class='ocrx_word' id='word_1_186' title='bbox 950 1604 987 1643; x_wconf 90' lang='lat' dir='ltr'>in</span> <span class='ocrx_word' id='word_1_187' title='bbox 1019 1604 1195 1656; x_wconf 77' lang='lat' dir='ltr'>angustias</span> <span class='ocrx_word' id='word_1_188' title='bbox 1225 1603 1312 1642; x_wconf 79' lang='lat' dir='ltr'>efl‘et</span> <span class='ocrx_word' id='word_1_189' title='bbox 1343 1603 1531 1653; x_wconf 68' lang='lat' dir='ltr'>reduetus,</span> <span class='ocrx_word' id='word_1_190' title='bbox 1565 1604 1698 1644; x_wconf 89' lang='lat' dir='ltr'>deinde</span> <span class='ocrx_word' id='word_1_191' title='bbox 1730 1617 1796 1645; x_wconf 85' lang='lat' dir='ltr'>au-</span> 
     </span>
     <span class='ocr_line' id='line_1_25' title="bbox 504 1666 1795 1717; baseline 0.001 -10"><span class='ocrx_word' id='word_1_192' title='bbox 504 1674 585 1707; x_wconf 87' lang='lat' dir='ltr'>tem</span> <span class='ocrx_word' id='word_1_193' title='bbox 629 1679 717 1707; x_wconf 90' lang='lat' dir='ltr'>eum</span> <span class='ocrx_word' id='word_1_194' title='bbox 753 1680 773 1707; x_wconf 89' lang='lat' dir='ltr'>a</span> <span class='ocrx_word' id='word_1_195' title='bbox 809 1667 1006 1706; x_wconf 88' lang='lat' dir='ltr'>Toinardo</span> <span class='ocrx_word' id='word_1_196' title='bbox 1039 1677 1077 1706; x_wconf 88' lang='lat' dir='ltr'>et</span> <span class='ocrx_word' id='word_1_197' title='bbox 1110 1666 1270 1706; x_wconf 83' lang='lat' dir='ltr'>Valente</span> <span class='ocrx_word' id='word_1_198' title='bbox 1304 1667 1533 1717; x_wconf 73' lang='lat' dir='ltr'>cognouiss‘et</span> <span class='ocrx_word' id='word_1_199' title='bbox 1553 1697 1563 1717; x_wconf 89' lang='lat'>,</span> <span class='ocrx_word' id='word_1_200' title='bbox 1615 1666 1795 1708; x_wconf 83' lang='lat' dir='ltr'>Hadriani</span> 
     </span>
     <span class='ocr_line' id='line_1_26' title="bbox 504 1728 1795 1782; baseline 0.002 -13"><span class='ocrx_word' id='word_1_201' title='bbox 504 1730 600 1778; x_wconf 81' lang='lat' dir='ltr'>effe,</span> <span class='ocrx_word' id='word_1_202' title='bbox 632 1728 741 1780; x_wconf 84' lang='lat' dir='ltr'>hinc,</span> <span class='ocrx_word' id='word_1_203' title='bbox 774 1729 965 1782; x_wconf 85' lang='lat' dir='ltr'>inquiebat</span> <span class='ocrx_word' id='word_1_204' title='bbox 995 1728 1058 1779; x_wconf 87' lang='lat' dir='ltr'>(l)</span> <span class='ocrx_word' id='word_1_205' title='bbox 1091 1730 1218 1781; x_wconf 88' lang='lat' dir='ltr'>paullo</span> <span class='ocrx_word' id='word_1_206' title='bbox 1250 1730 1401 1781; x_wconf 87' lang='lat' dir='ltr'>quidem</span> <span class='ocrx_word' id='word_1_207' title='bbox 1437 1730 1693 1780; x_wconf 88' lang='lat' dir='ltr'>commotior,</span> <span class='ocrx_word' id='word_1_208' title='bbox 1735 1730 1795 1771; x_wconf 88' lang='lat' dir='ltr'>sed</span> 
     </span>
     <span class='ocr_line' id='line_1_27' title="bbox 503 1792 1794 1846; baseline 0.002 -15"><span class='ocrx_word' id='word_1_209' title='bbox 503 1792 551 1832; x_wconf 87' lang='lat' dir='ltr'>ab</span> <span class='ocrx_word' id='word_1_210' title='bbox 584 1793 672 1833; x_wconf 83' lang='lat' dir='ltr'>iusta</span> <span class='ocrx_word' id='word_1_211' title='bbox 704 1793 975 1845; x_wconf 82' lang='lat' dir='ltr'>indignatione,</span> <span class='ocrx_word' id='word_1_212' title='bbox 1010 1793 1210 1845; x_wconf 52' lang='lat' dir='ltr'>intellgere</span> <span class='ocrx_word' id='word_1_213' title='bbox 1243 1792 1288 1841; x_wconf 77' lang='lat' dir='ltr'>est</span> <span class='ocrx_word' id='word_1_214' title='bbox 1305 1823 1315 1840; x_wconf 85' lang='lat'>‚</span> <span class='ocrx_word' id='word_1_215' title='bbox 1358 1800 1533 1845; x_wconf 76' lang='lat' dir='ltr'>quantum</span> <span class='ocrx_word' id='word_1_216' title='bbox 1565 1792 1676 1846; x_wconf 81' lang='lat' dir='ltr'>obsint</span> <span class='ocrx_word' id='word_1_217' title='bbox 1706 1805 1794 1834; x_wconf 82' lang='lat' dir='ltr'>eru-</span> 
     </span>
     <span class='ocr_line' id='line_1_28' title="bbox 501 1855 1793 1909; baseline 0.002 -14"><span class='ocrx_word' id='word_1_218' title='bbox 501 1855 633 1895; x_wconf 69' lang='lat' dir='ltr'>ditioni</span> <span class='ocrx_word' id='word_1_219' title='bbox 667 1856 877 1909; x_wconf 69' lang='lat' dir='ltr'>antIquarii</span> <span class='ocrx_word' id='word_1_220' title='bbox 899 1882 908 1903; x_wconf 92' lang='lat'>‚</span> <span class='ocrx_word' id='word_1_221' title='bbox 953 1856 1037 1896; x_wconf 68' lang='lat' dir='ltr'>dum</span> <span class='ocrx_word' id='word_1_222' title='bbox 1051 1887 1060 1903; x_wconf 90' lang='lat'>,</span> <span class='ocrx_word' id='word_1_223' title='bbox 1096 1867 1192 1909; x_wconf 78' lang='lat' dir='ltr'>quae</span> <span class='ocrx_word' id='word_1_224' title='bbox 1224 1856 1261 1895; x_wconf 84' lang='lat' dir='ltr'>in</span> <span class='ocrx_word' id='word_1_225' title='bbox 1292 1857 1408 1895; x_wconf 71' lang='lat' dir='ltr'>mmm&#39;s</span> <span class='ocrx_word' id='word_1_226' title='bbox 1439 1863 1476 1896; x_wconf 83' lang='lat' dir='ltr'>et</span> <span class='ocrx_word' id='word_1_227' title='bbox 1508 1856 1544 1895; x_wconf 78' lang='lat' dir='ltr'>in</span> <span class='ocrx_word' id='word_1_228' title='bbox 1559 1856 1793 1909; x_wconf 68' lang='lat' dir='ltr'>emptionibus</span> 
     </span>
     <span class='ocr_line' id='line_1_29' title="bbox 499 1914 1792 1973; baseline 0.001 -14"><span class='ocrx_word' id='word_1_229' title='bbox 499 1917 708 1971; x_wconf 69' lang='lat' dir='ltr'>habentur,</span> <span class='ocrx_word' id='word_1_230' title='bbox 743 1931 810 1959; x_wconf 81' lang='lat' dir='ltr'>mn</span> <span class='ocrx_word' id='word_1_231' title='bbox 828 1915 932 1973; x_wconf 79' lang='lat' dir='ltr'>satis</span> <span class='ocrx_word' id='word_1_232' title='bbox 966 1926 1149 1960; x_wconf 71' lang='lat' dir='ltr'>accurate</span> <span class='ocrx_word' id='word_1_233' title='bbox 1179 1914 1407 1972; x_wconf 65' lang='lat' dir='ltr'>destribzmt,</span> <span class='ocrx_word' id='word_1_234' title='bbox 1440 1925 1500 1969; x_wconf 85' lang='lat' dir='ltr'>et,</span> <span class='ocrx_word' id='word_1_235' title='bbox 1537 1920 1639 1972; x_wconf 84' lang='lat' dir='ltr'>quod</span> <span class='ocrx_word' id='word_1_236' title='bbox 1659 1920 1792 1973; x_wconf 57' lang='lat' dir='ltr'>peius3</span> 
     </span>
    </p>

    <p class='ocr_par' dir='ltr' id='par_1_3' title="bbox 1720 1982 1798 2022">
     <span class='ocr_line' id='line_1_30' title="bbox 1720 1982 1798 2022; baseline 0.013 -1"><span class='ocrx_word' id='word_1_237' title='bbox 1720 1982 1798 2022; x_wconf 82' lang='lat' dir='ltr'>ali-</span> 
     </span>
    </p>
   </div>
   <div class='ocr_carea' id='block_1_3' title="bbox 502 2064 1831 2167">
    <p class='ocr_par' dir='ltr' id='par_1_4' title="bbox 502 2064 1831 2167">
     <span class='ocr_line' id='line_1_31' title="bbox 640 2064 1831 2119; baseline -0.001 -8"><span class='ocrx_word' id='word_1_238' title='bbox 640 2084 696 2117; x_wconf 65' lang='lat'>(10</span> <span class='ocrx_word' id='word_1_239' title='bbox 718 2085 750 2111; x_wconf 80' lang='lat' dir='ltr'>In</span> <span class='ocrx_word' id='word_1_240' title='bbox 770 2082 897 2118; x_wconf 82' lang='lat' dir='ltr'>Epochis</span> <span class='ocrx_word' id='word_1_241' title='bbox 917 2080 989 2118; x_wconf 82' lang='lat' dir='ltr'>Syro</span> <span class='ocrx_word' id='word_1_242' title='bbox 1010 2080 1196 2109; x_wconf 75' lang='lat' dir='ltr'>Macedonum</span> <span class='ocrx_word' id='word_1_243' title='bbox 1219 2090 1246 2119; x_wconf 82' lang='lat' dir='ltr'>p.</span> <span class='ocrx_word' id='word_1_244' title='bbox 1268 2088 1317 2119; x_wconf 74' lang='lat'>95.</span> <span class='ocrx_word' id='word_1_245' title='bbox 1399 2081 1459 2117; x_wconf 80' lang='grc' dir='ltr'>(Ζ)</span> <span class='ocrx_word' id='word_1_246' title='bbox 1485 2080 1515 2106; x_wconf 79' lang='lat' dir='ltr'>ln</span> <span class='ocrx_word' id='word_1_247' title='bbox 1536 2077 1637 2110; x_wconf 75' lang='lat' dir='ltr'>Critica</span> <span class='ocrx_word' id='word_1_248' title='bbox 1657 2078 1793 2110; x_wconf 63' lang='lat' dir='ltr'>Historia</span> <span class='ocrx_word' id='word_1_249' title='bbox 1828 2064 1831 2065; x_wconf 15' lang='grc' dir='ltr'><em>γ</em></span> 
     </span>
     <span class='ocr_line' id='line_1_32' title="bbox 502 2124 1622 2167; baseline -0.004 -9"><span class='ocrx_word' id='word_1_250' title='bbox 502 2127 708 2165; x_wconf 76' lang='lat' dir='ltr'>chronologica</span> <span class='ocrx_word' id='word_1_251' title='bbox 730 2125 815 2154; x_wconf 80' lang='lat' dir='ltr'>Tem.</span> <span class='ocrx_word' id='word_1_252' title='bbox 833 2127 856 2153; x_wconf 86' lang='lat'>1.</span> <span class='ocrx_word' id='word_1_253' title='bbox 875 2133 904 2163; x_wconf 81' lang='lat' dir='ltr'>p.</span> <span class='ocrx_word' id='word_1_254' title='bbox 921 2132 989 2161; x_wconf 82' lang='lat'><em>107.</em></span> <span class='ocrx_word' id='word_1_255' title='bbox 1009 2124 1052 2153; x_wconf 84' lang='lat' dir='ltr'>ed.</span> <span class='ocrx_word' id='word_1_256' title='bbox 1072 2126 1210 2163; x_wconf 79' lang='lat' dir='ltr'>Antuerp.</span> <span class='ocrx_word' id='word_1_257' title='bbox 1234 2124 1342 2156; x_wconf 86' lang='lat' dir='ltr'>Consci·</span> <span class='ocrx_word' id='word_1_258' title='bbox 1364 2125 1536 2167; x_wconf 75' lang='lat' dir='ltr'>eundem-p.</span> <span class='ocrx_word' id='word_1_259' title='bbox 1555 2132 1622 2165; x_wconf 81' lang='lat'>235.</span> 
     </span>
    </p>
   </div>
  </div>
 </body>
</html>
