1941 2674
356 720 453 757 Figura
474 727 500 749 2.

350 1344 448 1382 Figura
473 1353 487 1380 3

346 1611 448 1650 Figura
471 1618 494 1640 2.

531 77 612 115 118
635 70 723 116 DE
757 70 968 115 LEGIBV
969 70 1000 112 S
1029 69 1388 130 QVIBVSDAM
1429 69 1483 109 M
1487 66 1802 111 ECHANICIS

524 191 658 238 currit,
712 187 850 240 hisque
889 187 1014 240 aliqua
1059 185 1317 227 subiune'turus
1351 185 1397 225 de
1446 184 1649 225 refistentia
1689 197 1802 237 quam

521 264 686 305 corpora
720 251 849 290 fluidis
880 259 964 289 tota
995 245 1184 289 submersa
1215 248 1423 301 patiuntur.

632 345 665 392 ξ.
705 347 746 382 6.
783 344 950 399 Quoties
984 355 1126 382 venam
1159 354 1321 395 aque-am
1357 342 1396 380 in
1437 340 1596 393 planum
1638 353 1809 395 perpen-

521 406 744 446 diculariter
776 407 1037 446 incurrentem
1071 404 1292 455 obstruam,
1329 404 1471 456 aliquid
1504 405 1585 444 vidi
1617 405 1686 457 ipsi
1706 405 1809 444 acci-

521 468 635 518 dere,
668 482 746 521 quo
780 470 839 508 vis
871 468 974 508 illius
1005 477 1179 506 accurate
1213 467 1517 517 determinatur,
1550 468 1602 506 ita
1621 478 1665 506 vt
1683 467 1812 520 posito

522 531 816 584 phaenomeno,
850 531 973 570 nullus·
991 530 1158 582 amplius
1177 530 1299 569 errori
1319 530 1425 569 locus
1443 530 1568 569 detur.
1629 528 1676 569 Id
1697 542 1810 581 vero,

522 595 571 633 de
601 607 678 646 quo
708 594 872 646 loquor,
908 592 1211 645 phaenomenon
1240 593 1278 630 in
1307 604 1357 630 eo
1378 592 1567 642 consistit,
1589 593 1691 644 quod
1720 605 1810 646 par-

523 656 662 695 ticulae
683 668 824 709 aqueae
843 668 981 695 omues
1000 655 1156 708 planum
1178 657 1350 694 deserunt
1369 655 1572 694 secundum
1585 655 1693 707 ipfius
1704 656 1811 708 plani

522 718 792 758 directionem.
856 719 932 760 Res
963 718 1097 757 clarius
1129 719 1364 768 intelligetur
1398 730 1449 756 ex
1482 717 1601 770 figura
1635 718 1812 770 secunda,

524 782 563 820 in
600 794 697 834 qua,
731 782 941 820 denotante
973 779 1055 819 AB
1087 793 1203 819 axem
1241 792 1358 818 venae
1392 779 1529 819 fluidae
1563 782 1602 819 in
1649 781 1812 833 planum

525 844 607 884 EE
640 844 917 897 impingentis,
958 842 1156 886 filamenta
1203 854 1345 881 venam
1387 845 1667 894 componentia
1707 843 1810 884 haud

524 906 663 959 procul
696 920 716 946 a
753 906 869 958 plano
905 907 1079 944 maxime
1122 904 1266 943 inficeti
1310 905 1618 956 conspiciuntur,
1658 907 1712 946 ita
1765 915 1811 946 vt

524 969 678 1008 tandem
713 968 752 1006 in
786 966 828 1006 D
861 978 898 1006 et
931 966 988 1017 C,
1019 967 1086 1006 vbi
1121 967 1279 1018 planum
1317 966 1513 1017 deserunt,
1548 968 1808 1008 directionem

524 1029 690 1070 habeant
724 1030 792 1082 ipsi
824 1029 942 1082 plano
976 1029 1200 1082 parallelum
1242 1028 1319 1068 fiue
1360 1029 1406 1068 ad
1446 1041 1563 1068 axem
1597 1028 1680 1070 AB
1720 1043 1812 1084 per-

523 1093 839 1145 pendicularem,
873 1091 1011 1131 orbem
1048 1092 1257 1131 formantia
1290 1091 1402 1131 instar
1443 1092 1608 1142 crystalli
1654 1095 1811 1146 egregie

524 1155 772 1207 pellucidum.
836 1154 897 1193 Ad
934 1155 972 1193 id
1005 1166 1102 1193 vero
1136 1154 1445 1206 requiritur,·vt
1476 1154 1633 1207 planum
1666 1156 1734 1195 EF
1767 1157 1811 1197 fit

525 1216 747 1256 notabiliter
780 1217 903 1256 maius
934 1216 1188 1269 amplitudine
1229 1216 1302 1255 siue
1343 1215 1502 1256 craffitie
1546 1229 1686 1256 venae:
1720 1218 1813 1259 alias

525 1279 630 1319 enim
662 1280 887 1330 continget,
925 1279 950 1318 s1
983 1279 1086 1318 reste
1118 1279 1269 1328 iudico,
1305 1280 1406 1330 quod
1442 1279 1620 1318 videmus
1649 1280 1687 1318 in
1709 1280 1813 1333 figu-

527 1355 567 1381 ra
602 1343 738 1391 tertia,
773 1343 839 1380 vbi
872 1342 1079 1394 particulae
1112 1341 1152 1379 in
1184 1338 1226 1379 D
1262 1351 1301 1379 ct
1334 1341 1367 1381 C
1401 1342 1441 1380 in
1473 1341 1686 1381 directione
1714 1357 1814 1384 mo·-

527 1414 664 1444 uentur
696 1404 874 1456 obliqua,
905 1405 1032 1444 dicam
1068 1412 1218 1443 tantum
1252 1403 1298 1442 de
1332 1403 1417 1443 casu
1450 1405 1600 1456 priore:
1634 1417 1683 1444 eo
1702 1406 1810 1447 enim

526 1466 741 1506 referuntur
759 1468 892 1506 omnia
913 1467 1183 1520 experimenta
1202 1465 1249 1504 ab
1269 1466 1504 1507 Auctoribus
1522 1467 1705 1508 instituta.

639 1561 669 1609 §.
713 1571 755 1609 7.
793 1560 886 1599 Puta
919 1561 998 1600 iam
1033 1560 1238 1612 particulas
1269 1573 1403 1613 aqueas
1434 1572 1568 1600 omnes
1599 1561 1646 1600 ad
1687 1574 1811 1615 angu-

527 1621 607 1662 lum
640 1624 793 1663 reftum
827 1635 944 1676 vsque
976 1622 1123 1662 inficeti
1155 1623 1202 1663 ab
1220 1623 1413 1663 obstaculo
1434 1622 1550 1676 plano
1570 1623 1648 1663 EF
1662 1655 1673 1675 ,
1705 1627 1807 1678 quod

527 1684 612 1724 fieri
644 1686 816 1737 autopfia
848 1686 983 1725 docet:
1016 1697 1154 1738 aquam
1186 1695 1317 1726 autem
1350 1698 1493 1726 venam
1528 1685 1697 1726 formare
1737 1700 1810 1739 cy-

526 1747 725 1788 lindricam
759 1749 938 1799 ponimus
969 1760 1135 1800 eamque
1169 1759 1359 1801 perpetuo
1399 1748 1610 1789 velocitate
1651 1750 1809 1791 affluere

529 1809 734 1849 vniformi.
768 1809 879 1849 filcile
912 1810 959 1850 fic
991 1810 1044 1850 est
1084 1811 1303 1863 intelligere
1343 1824 1507 1851 omnem
1551 1812 1808 1865 pressionem‚

527 1884 641 1923 quam
675 1872 833 1925 planum
866 1873 943 1913 FE
977 1873 1125 1913 sustinet
1155 1874 1194 1913 in
1229 1874 1443 1913 directione
1473 1873 1579 1924 AB,
1625 1878 1683 1916 sua
1723 1889 1810 1916 rea-

527 1934 657 1974 <stione
688 1936 727 1974 in
760 1936 957 1988 particulas
987 1948 1124 1990 aqueas
1155 1937 1391 1986 redundare,
1424 1947 1463 1977 et
1493 1938 1567 1977 effe
1600 1937 1697 1978 hanc
1724 1952 1810 1979 rca-

527 1997 700 2038 stionem
735 2011 755 2038 a
788 1997 821 2037 B
854 1997 980 2039 versus
1011 2000 1050 2040 A
1082 2009 1289 2053 agentem,
1322 2013 1419 2054 quae
1451 2001 1606 2041 easdem
1639 2002 1812 2055 particu-

1753 2065 1807 2104 las
