1941 2674
432 65 514 110 ΕΤ
549 66 982 116 METEOROLOGI
984 73 1020 117 C
1020 73 1103 117 AE
1108 103 1118 115 .
1311 91 1373 128 44
1378 89 1398 128 5

617 188 687 227 stra
719 190 819 229 nudis
851 191 985 240 oculis,
1022 191 1144 231 frustra
1178 192 1288 232 oculis
1319 194 1409 234 tubo

618 252 748 303 optico
780 253 935 303 adiutis,
986 267 1070 293 eam
1113 256 1404 308 perquifiuimus.

618 312 741 352 Licuit
779 325 903 354 autem
940 318 1122 356 coniicere
1145 348 1155 366 ,
1204 318 1406 360 absolutam

618 375 724 415 illam
752 377 1006 431 integramque
1032 380 1159 419 Lunae
1185 382 1408 422 occultatio-

620 450 710 477 nem
739 450 862 479 ortam
888 440 986 480 fuiss'e
1013 443 1058 481 ab
1077 455 1118 481 ca
1148 443 1300 493 nebula,
1336 457 1406 497 qua

620 503 841 553 (antequam
874 503 986 543 nubes
1016 505 1054 543 in
1089 517 1207 543 vnum
1241 508 1406 558 coirent)

614 563 692 603 iam
721 566 787 604 ae'r
813 574 910 605 totus
936 565 1045 606 fustus
1076 567 1297 609 reddebatur.

426 681 539 724 Nunc
567 696 682 734 vero,
713 683 778 724 vbi
806 685 930 737 prima
957 685 1169 725 coniectura
1195 685 1285 725 haec
1312 699 1406 740 pro-

615 748 734 801 posita
753 748 819 798 est,
838 748 1022 787 iuuabitne
1040 748 1292 787 comesturam
1314 750 1407 790 alte-

614 822 699 850 ram
715 806 979 861 superaddere?
1001 819 1107 860 atque
1126 822 1279 861 ponere,
1292 812 1408 850 nebu-

609 872 687 913 lam
704 871 879 924 aliquam,
891 883 968 909 non
984 870 1063 910 satis
1078 870 1326 923 conspicuam,
1338 883 1408 911 ne-

609 948 680 988 que
698 934 963 974 obieruabilem
977 963 987 982 ‚
1016 935 1173 973 caussam
1192 932 1291 973 fuiss‘e
1309 934 1406 975 illius

615 998 894 1051 phaenomeni3
929 997 1028 1035 cuius
1058 997 1189 1037 fimilia
1221 997 1403 1049 quaedam

606 1062 646 1101 in
680 1060 866 1101 nonnullis
904 1059 1028 1099 Lunae
1070 1059 1277 1112 Eclipfibus
1315 1061 1405 1100 alias

611 1124 796 1164 obseruata
823 1124 922 1163 fliete
946 1123 1005 1171 (vt
1030 1123 1155 1173 colligi
1183 1122 1288 1162 facile
1314 1132 1406 1176 pot-

613 1188 666 1227 est
700 1187 762 1226 vel
795 1198 844 1225 ex
876 1186 916 1224 iis
937 1215 947 1234 ,
983 1197 1074 1237 quae
1105 1180 1402 1237 Obseruatarum

609 1250 806 1306 Eclipfium
851 1248 1037 1301 Historiae
1085 1248 1277 1288 mandauit
1325 1247 1396 1288 Io.

607 1313 770 1367 Baptista
805 1312 993 1354 Ricciolus
1031 1311 1069 1349 in
1101 1308 1304 1366 Almagcflo
1336 1310 1400 1351 suo

609 1376 715 1420 Nouo
736 1404 745 1423 ,
784 1376 871 1416 Lib.
890 1374 940 1413 V.
963 1371 1060 1426 Cap.
1081 1376 1201 1422 xix.)
1233 1374 1401 1426 quamuis

606 1440 784 1482 fimilibus
815 1438 886 1478 illis
915 1438 954 1477 in
986 1436 1124 1477 casibus
1148 1434 1306 1476 Caelum
1331 1448 1399 1476 ceu

616 1503 746 1544 sudum
773 1501 880 1542 fuerit
911 1510 1135 1553 reputatum.
1207 1499 1272 1539 An
1304 1510 1398 1540 vero

607 1568 731 1621 potius
761 1566 954 1612 dicemus,
991 1561 1191 1602 illiusmodi
1225 1561 1398 1614 phaeno-

603 1643 716 1670 mena
747 1628 914 1669 habenda
946 1625 1017 1666 esse
1049 1637 1118 1678 pro
1147 1624 1255 1676 fignis
1287 1633 1397 1678 atque

605 1692 755 1734 indiciis
780 1690 932 1732 Lunaris
949 1686 1269 1741 Atmosphaerae‚
1299 1687 1397 1726 cuius

605 1756 675 1798 fmt
707 1756 829 1795 variae
860 1753 969 1793 variis
1010 1750 1238 1803 temporibus
1276 1749 1396 1791 densi-

605 1814 724 1860 tates?
756 1819 813 1859 At
837 1815 898 1857 hic
924 1827 979 1856 res
1002 1814 1109 1855 hasce
1135 1813 1286 1852 vlterius
1308 1824 1395 1865 per-

606 1882 703 1935 sequi
721 1882 883 1922 minime
902 1878 1093 1919 conuenit:
1114 1875 1288 1927 sufficiet,
1307 1874 1394 1915 Ob-

602 1945 848 1987 seruationcm
881 1942 1047 1984 nostram
1078 1938 1246 1983 xetuh'ffe.

682 2063 717 2106 K
734 2063 760 2106 k
778 2062 805 2105 k
839 2075 864 2113 a
1239 2057 1383 2113 Temp.
