<?xml version="1.0" encoding="UTF-8"?>
<!DOCTYPE html PUBLIC "-//W3C//DTD XHTML 1.0 Transitional//EN"
    "http://www.w3.org/TR/xhtml1/DTD/xhtml1-transitional.dtd">
<html xmlns="http://www.w3.org/1999/xhtml" xml:lang="en" lang="en">
 <head>
  <title>
</title>
<meta http-equiv="Content-Type" content="text/html;charset=utf-8" />
  <meta name='ocr-system' content='tesseract 3.04.00' />
  <meta name='ocr-capabilities' content='ocr_page ocr_carea ocr_par ocr_line ocrx_word'/>
</head>
<body>
  <div class='ocr_page' id='page_1' title='image "./commentariiacade08impe_0280.png"; bbox 0 0 1941 2674; ppageno 0'>
   <div class='ocr_carea' id='block_1_1' title="bbox 348 541 500 579">
    <p class='ocr_par' dir='ltr' id='par_1_1' title="bbox 348 541 500 579">
     <span class='ocr_line' id='line_1_1' title="bbox 348 541 500 579; baseline -0.013 -8"><span class='ocrx_word' id='word_1_1' title='bbox 348 541 448 579; x_wconf 64' lang='lat' dir='ltr'>Bigura</span> <span class='ocrx_word' id='word_1_2' title='bbox 472 549 500 577; x_wconf 85' lang='lat'>4.</span> 
     </span>
    </p>
   </div>
   <div class='ocr_carea' id='block_1_2' title="bbox 361 1352 498 1389">
    <p class='ocr_par' dir='ltr' id='par_1_2' title="bbox 361 1352 498 1389">
     <span class='ocr_line' id='line_1_2' title="bbox 361 1352 498 1389; baseline -0.007 -9"><span class='ocrx_word' id='word_1_3' title='bbox 361 1352 458 1389; x_wconf 58' lang='lat' dir='ltr'>figura</span> <span class='ocrx_word' id='word_1_4' title='bbox 484 1358 498 1387; x_wconf 86' lang='lat'>5</span> 
     </span>
    </p>
   </div>
   <div class='ocr_carea' id='block_1_3' title="bbox 525 91 1441 138">
    <p class='ocr_par' dir='ltr' id='par_1_3' title="bbox 525 91 1441 138">
     <span class='ocr_line' id='line_1_3' title="bbox 525 91 1441 138; baseline -0.007 0"><span class='ocrx_word' id='word_1_5' title='bbox 525 101 611 138; x_wconf 78' lang='lat'>228</span> <span class='ocrx_word' id='word_1_6' title='bbox 831 95 910 137; x_wconf 75' lang='lat' dir='ltr'>DE</span> <span class='ocrx_word' id='word_1_7' title='bbox 942 94 1160 137; x_wconf 79' lang='lat' dir='ltr'><em>FIGVRA</em></span> <span class='ocrx_word' id='word_1_8' title='bbox 1191 91 1441 135; x_wconf 79' lang='lat' dir='ltr'><em>TERRAE.</em></span> 
     </span>
    </p>
   </div>
   <div class='ocr_carea' id='block_1_4' title="bbox 523 209 1836 2023">
    <p class='ocr_par' dir='ltr' id='par_1_4' title="bbox 523 209 1836 2023">
     <span class='ocr_line' id='line_1_4' title="bbox 524 209 1826 264; baseline -0.005 -10"><span class='ocrx_word' id='word_1_9' title='bbox 524 212 664 264; x_wconf 79' lang='lat' dir='ltr'>misso,</span> <span class='ocrx_word' id='word_1_10' title='bbox 699 212 877 252; x_wconf 83' lang='lat' dir='ltr'>accedam</span> <span class='ocrx_word' id='word_1_11' title='bbox 910 211 956 250; x_wconf 87' lang='lat' dir='ltr'>ad</span> <span class='ocrx_word' id='word_1_12' title='bbox 992 210 1243 261; x_wconf 75' lang='lat' dir='ltr'>sententiam,</span> <span class='ocrx_word' id='word_1_13' title='bbox 1275 211 1323 250; x_wconf 87' lang='lat' dir='ltr'>de</span> <span class='ocrx_word' id='word_1_14' title='bbox 1356 210 1473 262; x_wconf 85' lang='lat' dir='ltr'>figura</span> <span class='ocrx_word' id='word_1_15' title='bbox 1507 209 1651 249; x_wconf 82' lang='lat' dir='ltr'>Terrae</span> <span class='ocrx_word' id='word_1_16' title='bbox 1682 209 1826 248; x_wconf 53' lang='lat' dir='ltr'>detera·-</span> 
     </span>
     <span class='ocr_line' id='line_1_5' title="bbox 523 271 1810 325; baseline -0.005 -9"><span class='ocrx_word' id='word_1_17' title='bbox 523 277 728 325; x_wconf 78' lang='lat' dir='ltr'>minanda,</span> <span class='ocrx_word' id='word_1_18' title='bbox 762 274 1054 325; x_wconf 76' lang='lat' dir='ltr'>Hugenianum‚</span> <span class='ocrx_word' id='word_1_19' title='bbox 1096 274 1185 325; x_wconf 89' lang='lat' dir='ltr'>qui,</span> <span class='ocrx_word' id='word_1_20' title='bbox 1227 273 1424 312; x_wconf 73' lang='lat' dir='ltr'>occasione</span> <span class='ocrx_word' id='word_1_21' title='bbox 1467 285 1514 311; x_wconf 87' lang='lat' dir='ltr'>ex</span> <span class='ocrx_word' id='word_1_22' title='bbox 1557 271 1701 321; x_wconf 81' lang='lat' dir='ltr'>inclyta</span> <span class='ocrx_word' id='word_1_23' title='bbox 1744 271 1810 309; x_wconf 80' lang='lat' dir='ltr'>illa</span> 
     </span>
     <span class='ocr_line' id='line_1_6' title="bbox 523 333 1816 388; baseline -0.005 -9"><span class='ocrx_word' id='word_1_24' title='bbox 523 338 701 381; x_wconf 87' lang='lat' dir='ltr'>Richei·ii</span> <span class='ocrx_word' id='word_1_25' title='bbox 733 337 1023 386; x_wconf 80' lang='lat' dir='ltr'>obseruatione,</span> <span class='ocrx_word' id='word_1_26' title='bbox 1057 336 1103 374; x_wconf 93' lang='lat' dir='ltr'>de</span> <span class='ocrx_word' id='word_1_27' title='bbox 1134 335 1407 374; x_wconf 79' lang='lat' dir='ltr'>abbreuatione</span> <span class='ocrx_word' id='word_1_28' title='bbox 1441 335 1594 388; x_wconf 83' lang='lat' dir='ltr'>penduli</span> <span class='ocrx_word' id='word_1_29' title='bbox 1626 333 1816 373; x_wconf 79' lang='lat' dir='ltr'>Parisien-</span> 
     </span>
     <span class='ocr_line' id='line_1_7' title="bbox 523 395 1816 454; baseline -0.006 -12"><span class='ocrx_word' id='word_1_30' title='bbox 523 402 570 442; x_wconf 83' lang='lat' dir='ltr'>fis</span> <span class='ocrx_word' id='word_1_31' title='bbox 602 412 725 454; x_wconf 82' lang='lat' dir='ltr'>prope</span> <span class='ocrx_word' id='word_1_32' title='bbox 758 408 1036 451; x_wconf 78' lang='lat' dir='ltr'>aequatorem‚</span> <span class='ocrx_word' id='word_1_33' title='bbox 1068 408 1242 451; x_wconf 82' lang='lat' dir='ltr'>arrepta,</span> <span class='ocrx_word' id='word_1_34' title='bbox 1273 399 1433 449; x_wconf 82' lang='lat' dir='ltr'>gradum</span> <span class='ocrx_word' id='word_1_35' title='bbox 1467 398 1567 451; x_wconf 80' lang='lat' dir='ltr'>quasi</span> <span class='ocrx_word' id='word_1_36' title='bbox 1600 407 1712 449; x_wconf 76' lang='lat' dir='ltr'>atque</span> <span class='ocrx_word' id='word_1_37' title='bbox 1732 395 1816 436; x_wconf 79' lang='lat' dir='ltr'>adi-</span> 
     </span>
     <span class='ocr_line' id='line_1_8' title="bbox 525 458 1813 514; baseline -0.006 -10"><span class='ocrx_word' id='word_1_38' title='bbox 525 473 610 504; x_wconf 88' lang='lat' dir='ltr'>tum</span> <span class='ocrx_word' id='word_1_39' title='bbox 656 465 702 503; x_wconf 88' lang='lat' dir='ltr'>ad</span> <span class='ocrx_word' id='word_1_40' title='bbox 745 461 999 514; x_wconf 80' lang='lat' dir='ltr'>indagandam</span> <span class='ocrx_word' id='word_1_41' title='bbox 1042 461 1209 500; x_wconf 74' lang='lat' dir='ltr'>Telluris</span> <span class='ocrx_word' id='word_1_42' title='bbox 1251 460 1415 512; x_wconf 68' lang='lat' dir='ltr'>figuram</span> <span class='ocrx_word' id='word_1_43' title='bbox 1458 461 1606 513; x_wconf 86' lang='lat' dir='ltr'>primus</span> <span class='ocrx_word' id='word_1_44' title='bbox 1646 458 1813 511; x_wconf 87' lang='lat' dir='ltr'>aperuit.</span> 
     </span>
     <span class='ocr_line' id='line_1_9' title="bbox 526 523 1816 576; baseline -0.005 -9"><span class='ocrx_word' id='word_1_45' title='bbox 526 525 586 568; x_wconf 90' lang='lat' dir='ltr'>Sit</span> <span class='ocrx_word' id='word_1_46' title='bbox 615 526 717 566; x_wconf 82' lang='lat' dir='ltr'>hunc</span> <span class='ocrx_word' id='word_1_47' title='bbox 749 526 789 564; x_wconf 90' lang='lat' dir='ltr'>in</span> <span class='ocrx_word' id='word_1_48' title='bbox 825 524 946 564; x_wconf 87' lang='lat' dir='ltr'>finem</span> <span class='ocrx_word' id='word_1_49' title='bbox 980 523 1146 563; x_wconf 72' lang='lat' dir='ltr'>Telluris</span> <span class='ocrx_word' id='word_1_50' title='bbox 1167 523 1283 576; x_wconf 83' lang='lat' dir='ltr'>figura</span> <span class='ocrx_word' id='word_1_51' title='bbox 1304 524 1504 564; x_wconf 86' lang='lat' dir='ltr'>Primitiua</span> <span class='ocrx_word' id='word_1_52' title='bbox 1525 523 1677 570; x_wconf 82' lang='grc' dir='ltr'>ΑΗΕ,</span> <span class='ocrx_word' id='word_1_53' title='bbox 1698 533 1816 574; x_wconf 86' lang='lat' dir='ltr'>quam</span> 
     </span>
     <span class='ocr_line' id='line_1_10' title="bbox 527 585 1815 642; baseline -0.005 -11"><span class='ocrx_word' id='word_1_54' title='bbox 527 590 716 642; x_wconf 79' lang='lat' dir='ltr'>Hugenius</span> <span class='ocrx_word' id='word_1_55' title='bbox 758 587 880 641; x_wconf 86' lang='lat' dir='ltr'>posuit</span> <span class='ocrx_word' id='word_1_56' title='bbox 912 585 1174 638; x_wconf 77' lang='lat' dir='ltr'>circularem,</span> <span class='ocrx_word' id='word_1_57' title='bbox 1217 599 1361 639; x_wconf 81' lang='lat' dir='ltr'>ponam</span> <span class='ocrx_word' id='word_1_58' title='bbox 1404 599 1479 639; x_wconf 85' lang='lat' dir='ltr'>ego</span> <span class='ocrx_word' id='word_1_59' title='bbox 1520 598 1617 626; x_wconf 85' lang='lat' dir='ltr'>vero</span> <span class='ocrx_word' id='word_1_60' title='bbox 1658 595 1815 624; x_wconf 74' lang='lat' dir='ltr'>curnam</span> 
     </span>
     <span class='ocr_line' id='line_1_11' title="bbox 528 646 1819 706; baseline -0.006 -13"><span class='ocrx_word' id='word_1_61' title='bbox 528 653 858 706; x_wconf 66' lang='lat' dir='ltr'>qualemcunques,</span> <span class='ocrx_word' id='word_1_62' title='bbox 895 662 946 690; x_wconf 87' lang='lat' dir='ltr'>ex</span> <span class='ocrx_word' id='word_1_63' title='bbox 978 650 1091 690; x_wconf 83' lang='lat' dir='ltr'>huius</span> <span class='ocrx_word' id='word_1_64' title='bbox 1122 650 1316 689; x_wconf 80' lang='lat' dir='ltr'>rotatione</span> <span class='ocrx_word' id='word_1_65' title='bbox 1337 650 1436 689; x_wconf 83' lang='lat' dir='ltr'>circa</span> <span class='ocrx_word' id='word_1_66' title='bbox 1457 651 1589 689; x_wconf 83' lang='lat' dir='ltr'>Axem</span> <span class='ocrx_word' id='word_1_67' title='bbox 1611 647 1693 689; x_wconf 86' lang='lat' dir='ltr'>AL</span> <span class='ocrx_word' id='word_1_68' title='bbox 1712 646 1819 686; x_wconf 83' lang='lat' dir='ltr'>oria-</span> 
     </span>
     <span class='ocr_line' id='line_1_12' title="bbox 529 709 1820 767; baseline -0.005 -12"><span class='ocrx_word' id='word_1_69' title='bbox 529 727 591 756; x_wconf 88' lang='lat' dir='ltr'>tur</span> <span class='ocrx_word' id='word_1_70' title='bbox 621 727 764 767; x_wconf 82' lang='lat' dir='ltr'>corpus</span> <span class='ocrx_word' id='word_1_71' title='bbox 795 714 940 753; x_wconf 82' lang='lat' dir='ltr'>Terrae</span> <span class='ocrx_word' id='word_1_72' title='bbox 974 713 1246 765; x_wconf 83' lang='lat' dir='ltr'>primitiuurn‚</span> <span class='ocrx_word' id='word_1_73' title='bbox 1279 722 1318 751; x_wconf 86' lang='lat' dir='ltr'>et</span> <span class='ocrx_word' id='word_1_74' title='bbox 1351 722 1484 765; x_wconf 81' lang='lat' dir='ltr'>pergat</span> <span class='ocrx_word' id='word_1_75' title='bbox 1515 711 1653 751; x_wconf 85' lang='lat' dir='ltr'>deinde</span> <span class='ocrx_word' id='word_1_76' title='bbox 1693 709 1820 749; x_wconf 73' lang='lat' dir='ltr'>Terra</span> 
     </span>
     <span class='ocr_line' id='line_1_13' title="bbox 530 773 1821 831; baseline -0.005 -13"><span class='ocrx_word' id='word_1_77' title='bbox 530 778 658 831; x_wconf 80' lang='lat' dir='ltr'>gyrari</span> <span class='ocrx_word' id='word_1_78' title='bbox 691 778 839 829; x_wconf 82' lang='lat' dir='ltr'>semper</span> <span class='ocrx_word' id='word_1_79' title='bbox 871 776 970 815; x_wconf 85' lang='lat' dir='ltr'>circa</span> <span class='ocrx_word' id='word_1_80' title='bbox 988 775 1152 815; x_wconf 86' lang='lat' dir='ltr'>eundem</span> <span class='ocrx_word' id='word_1_81' title='bbox 1172 787 1287 814; x_wconf 80' lang='lat' dir='ltr'>axem</span> <span class='ocrx_word' id='word_1_82' title='bbox 1308 775 1405 815; x_wconf 80' lang='lat' dir='ltr'>AL.</span> <span class='ocrx_word' id='word_1_83' title='bbox 1471 775 1670 829; x_wconf 75' lang='lat' dir='ltr'>Quoniam</span> <span class='ocrx_word' id='word_1_84' title='bbox 1692 773 1821 824; x_wconf 75' lang='lat' dir='ltr'>itaque</span> 
     </span>
     <span class='ocr_line' id='line_1_14' title="bbox 530 834 1826 893; baseline -0.004 -13"><span class='ocrx_word' id='word_1_85' title='bbox 530 841 650 880; x_wconf 89' lang='lat' dir='ltr'>Terra</span> <span class='ocrx_word' id='word_1_86' title='bbox 684 841 840 893; x_wconf 90' lang='lat' dir='ltr'>ponitur</span> <span class='ocrx_word' id='word_1_87' title='bbox 861 847 940 877; x_wconf 73' lang='lat' dir='ltr'>tota</span> <span class='ocrx_word' id='word_1_88' title='bbox 962 838 1101 888; x_wconf 79' lang='lat' dir='ltr'>fluida,</span> <span class='ocrx_word' id='word_1_89' title='bbox 1134 846 1174 877; x_wconf 86' lang='lat' dir='ltr'>et</span> <span class='ocrx_word' id='word_1_90' title='bbox 1191 839 1311 877; x_wconf 84' lang='lat' dir='ltr'>rotari</span> <span class='ocrx_word' id='word_1_91' title='bbox 1332 838 1580 890; x_wconf 69' lang='lat' dir='ltr'>aequabiliter</span> <span class='ocrx_word' id='word_1_92' title='bbox 1599 837 1698 876; x_wconf 70' lang='lat' dir='ltr'>circa</span> <span class='ocrx_word' id='word_1_93' title='bbox 1719 834 1826 886; x_wconf 42' lang='lat' dir='ltr'>AL?</span> 
     </span>
     <span class='ocr_line' id='line_1_15' title="bbox 531 897 1826 954; baseline -0.005 -11"><span class='ocrx_word' id='word_1_94' title='bbox 531 905 678 943; x_wconf 87' lang='lat' dir='ltr'>orietur</span> <span class='ocrx_word' id='word_1_95' title='bbox 709 904 748 941; x_wconf 89' lang='lat' dir='ltr'>in</span> <span class='ocrx_word' id='word_1_96' title='bbox 781 901 951 954; x_wconf 87' lang='lat' dir='ltr'>quolibet</span> <span class='ocrx_word' id='word_1_97' title='bbox 987 902 1067 940; x_wconf 79' lang='lat' dir='ltr'>eius</span> <span class='ocrx_word' id='word_1_98' title='bbox 1101 899 1315 952; x_wconf 73' lang='lat' dir='ltr'>superficiei</span> <span class='ocrx_word' id='word_1_99' title='bbox 1356 902 1523 952; x_wconf 58' lang='lat' dir='ltr'>punem,</span> <span class='ocrx_word' id='word_1_100' title='bbox 1566 911 1632 939; x_wconf 82' lang='lat' dir='ltr'>ex.</span> <span class='ocrx_word' id='word_1_101' title='bbox 1653 911 1712 951; x_wconf 69' lang='lat' dir='ltr'>gr,</span> <span class='ocrx_word' id='word_1_102' title='bbox 1754 897 1826 949; x_wconf 27' lang='lat' dir='ltr'>H.*,.</span> 
     </span>
     <span class='ocr_line' id='line_1_16' title="bbox 532 960 1822 1016; baseline -0.003 -12"><span class='ocrx_word' id='word_1_103' title='bbox 532 966 593 1005; x_wconf 83' lang='lat' dir='ltr'>vis</span> <span class='ocrx_word' id='word_1_104' title='bbox 622 962 856 1016; x_wconf 83' lang='lat' dir='ltr'>centrisuga,</span> <span class='ocrx_word' id='word_1_105' title='bbox 890 975 985 1015; x_wconf 83' lang='lat' dir='ltr'>quae</span> <span class='ocrx_word' id='word_1_106' title='bbox 1019 962 1137 1015; x_wconf 83' lang='lat' dir='ltr'>pellet</span> <span class='ocrx_word' id='word_1_107' title='bbox 1169 962 1432 1014; x_wconf 81' lang='lat' dir='ltr'>corpusculum</span> <span class='ocrx_word' id='word_1_108' title='bbox 1467 962 1504 1002; x_wconf 87' lang='lat' dir='ltr'>H</span> <span class='ocrx_word' id='word_1_109' title='bbox 1542 962 1581 1001; x_wconf 88' lang='lat' dir='ltr'>in</span> <span class='ocrx_word' id='word_1_110' title='bbox 1607 960 1822 1002; x_wconf 67' lang='lat' dir='ltr'>direetione</span> 
     </span>
     <span class='ocr_line' id='line_1_17' title="bbox 531 1023 1825 1081; baseline -0.005 -12"><span class='ocrx_word' id='word_1_111' title='bbox 531 1026 641 1078; x_wconf 74' lang='lat' dir='ltr'>BH,</span> <span class='ocrx_word' id='word_1_112' title='bbox 673 1026 980 1081; x_wconf 69' lang='lat' dir='ltr'>perpendiculari</span> <span class='ocrx_word' id='word_1_113' title='bbox 1020 1025 1068 1065; x_wconf 74' lang='lat' dir='ltr'>ad</span> <span class='ocrx_word' id='word_1_114' title='bbox 1101 1025 1213 1075; x_wconf 76' lang='lat' dir='ltr'>AL,</span> <span class='ocrx_word' id='word_1_115' title='bbox 1254 1024 1417 1076; x_wconf 82' lang='lat' dir='ltr'>sursum,</span> <span class='ocrx_word' id='word_1_116' title='bbox 1451 1026 1501 1064; x_wconf 79' lang='lat' dir='ltr'>ita</span> <span class='ocrx_word' id='word_1_117' title='bbox 1537 1033 1579 1063; x_wconf 81' lang='lat' dir='ltr'>vt</span> <span class='ocrx_word' id='word_1_118' title='bbox 1620 1023 1696 1064; x_wconf 87' lang='lat' dir='ltr'>hoc</span> <span class='ocrx_word' id='word_1_119' title='bbox 1728 1035 1825 1064; x_wconf 86' lang='lat' dir='ltr'>cor-</span> 
     </span>
     <span class='ocr_line' id='line_1_18' title="bbox 535 1084 1823 1144; baseline -0.003 -14"><span class='ocrx_word' id='word_1_120' title='bbox 535 1090 731 1144; x_wconf 81' lang='lat' dir='ltr'>pusculum</span> <span class='ocrx_word' id='word_1_121' title='bbox 769 1097 1039 1142; x_wconf 84' lang='lat' dir='ltr'>peruenturum</span> <span class='ocrx_word' id='word_1_122' title='bbox 1072 1088 1114 1128; x_wconf 86' lang='lat' dir='ltr'>fit</span> <span class='ocrx_word' id='word_1_123' title='bbox 1147 1088 1184 1127; x_wconf 90' lang='lat' dir='ltr'>in</span> <span class='ocrx_word' id='word_1_124' title='bbox 1218 1084 1271 1127; x_wconf 88' lang='lat' dir='ltr'>G.</span> <span class='ocrx_word' id='word_1_125' title='bbox 1335 1088 1462 1144; x_wconf 78' lang='lat' dir='ltr'>Quare</span> <span class='ocrx_word' id='word_1_126' title='bbox 1503 1088 1625 1127; x_wconf 84' lang='lat' dir='ltr'>Terra</span> <span class='ocrx_word' id='word_1_127' title='bbox 1658 1086 1823 1138; x_wconf 74' lang='lat' dir='ltr'>figuram</span> 
     </span>
     <span class='ocr_line' id='line_1_19' title="bbox 536 1145 1825 1206; baseline -0.002 -14"><span class='ocrx_word' id='word_1_128' title='bbox 536 1153 639 1193; x_wconf 80' lang='lat' dir='ltr'>suam</span> <span class='ocrx_word' id='word_1_129' title='bbox 676 1153 916 1206; x_wconf 79' lang='lat' dir='ltr'>primitiuam</span> <span class='ocrx_word' id='word_1_130' title='bbox 952 1164 1031 1191; x_wconf 87' lang='lat' dir='ltr'>non</span> <span class='ocrx_word' id='word_1_131' title='bbox 1051 1151 1230 1190; x_wconf 76' lang='lat' dir='ltr'>retinebit</span> <span class='ocrx_word' id='word_1_132' title='bbox 1245 1182 1256 1202; x_wconf 83' lang='lat'>,</span> <span class='ocrx_word' id='word_1_133' title='bbox 1287 1150 1347 1191; x_wconf 85' lang='lat' dir='ltr'>sed</span> <span class='ocrx_word' id='word_1_134' title='bbox 1367 1151 1524 1191; x_wconf 76' lang='lat' dir='ltr'>assumet</span> <span class='ocrx_word' id='word_1_135' title='bbox 1543 1150 1659 1190; x_wconf 83' lang='lat' dir='ltr'>aliam</span> <span class='ocrx_word' id='word_1_136' title='bbox 1678 1145 1825 1201; x_wconf 82' lang='lat' dir='ltr'>AGF,</span> 
     </span>
     <span class='ocr_line' id='line_1_20' title="bbox 537 1213 1825 1269; baseline -0.003 -13"><span class='ocrx_word' id='word_1_137' title='bbox 537 1229 631 1269; x_wconf 73' lang='lat' dir='ltr'>quae</span> <span class='ocrx_word' id='word_1_138' title='bbox 666 1215 879 1267; x_wconf 79' lang='lat' dir='ltr'>indaganda</span> <span class='ocrx_word' id='word_1_139' title='bbox 915 1215 983 1254; x_wconf 90' lang='lat' dir='ltr'>est.</span> <span class='ocrx_word' id='word_1_140' title='bbox 1051 1213 1178 1254; x_wconf 82' lang='lat' dir='ltr'>Posset</span> <span class='ocrx_word' id='word_1_141' title='bbox 1208 1214 1364 1267; x_wconf 91' lang='lat' dir='ltr'>quidem</span> <span class='ocrx_word' id='word_1_142' title='bbox 1398 1214 1544 1263; x_wconf 83' lang='lat' dir='ltr'>videri,</span> <span class='ocrx_word' id='word_1_143' title='bbox 1590 1213 1719 1266; x_wconf 78' lang='lat' dir='ltr'>quod,</span> <span class='ocrx_word' id='word_1_144' title='bbox 1758 1225 1825 1253; x_wconf 84' lang='lat' dir='ltr'>ac·-</span> 
     </span>
     <span class='ocr_line' id='line_1_21' title="bbox 538 1275 1827 1329; baseline -0.002 -11"><span class='ocrx_word' id='word_1_145' title='bbox 538 1280 697 1319; x_wconf 84' lang='lat' dir='ltr'>cedente</span> <span class='ocrx_word' id='word_1_146' title='bbox 732 1288 843 1318; x_wconf 88' lang='lat' dir='ltr'>motu</span> <span class='ocrx_word' id='word_1_147' title='bbox 877 1277 1100 1329; x_wconf 81' lang='lat' dir='ltr'>vertiginis,</span> <span class='ocrx_word' id='word_1_148' title='bbox 1137 1277 1260 1317; x_wconf 85' lang='lat' dir='ltr'>Terra</span> <span class='ocrx_word' id='word_1_149' title='bbox 1292 1277 1478 1317; x_wconf 76' lang='lat' dir='ltr'>assumere</span> <span class='ocrx_word' id='word_1_150' title='bbox 1506 1276 1641 1316; x_wconf 85' lang='lat' dir='ltr'>debeat</span> <span class='ocrx_word' id='word_1_151' title='bbox 1660 1275 1827 1328; x_wconf 82' lang='lat' dir='ltr'>figuram</span> 
     </span>
     <span class='ocr_line' id='line_1_22' title="bbox 539 1339 1828 1393; baseline -0.003 -11"><span class='ocrx_word' id='word_1_152' title='bbox 539 1340 663 1382; x_wconf 81' lang='lat' dir='ltr'>BDF</span> <span class='ocrx_word' id='word_1_153' title='bbox 700 1353 751 1380; x_wconf 84' lang='lat' dir='ltr'>ex</span> <span class='ocrx_word' id='word_1_154' title='bbox 784 1339 902 1392; x_wconf 84' lang='lat' dir='ltr'>figura</span> <span class='ocrx_word' id='word_1_155' title='bbox 937 1341 1133 1393; x_wconf 78' lang='lat' dir='ltr'>primitiua</span> <span class='ocrx_word' id='word_1_156' title='bbox 1168 1339 1329 1392; x_wconf 77' lang='grc' dir='ltr'>ΑΒΕ,</span> <span class='ocrx_word' id='word_1_157' title='bbox 1362 1341 1414 1380; x_wconf 85' lang='lat' dir='ltr'>ita</span> <span class='ocrx_word' id='word_1_158' title='bbox 1447 1349 1515 1391; x_wconf 84' lang='lat' dir='ltr'>vt,</span> <span class='ocrx_word' id='word_1_159' title='bbox 1549 1347 1729 1380; x_wconf 79' lang='lat' dir='ltr'>manente</span> <span class='ocrx_word' id='word_1_160' title='bbox 1758 1351 1828 1378; x_wconf 52' lang='lat' dir='ltr'>eas</span> 
     </span>
     <span class='ocr_line' id='line_1_23' title="bbox 538 1403 1827 1456; baseline -0.004 -11"><span class='ocrx_word' id='word_1_161' title='bbox 538 1406 629 1445; x_wconf 89' lang='lat' dir='ltr'>dem</span> <span class='ocrx_word' id='word_1_162' title='bbox 666 1405 850 1445; x_wconf 82' lang='lat' dir='ltr'>materiae</span> <span class='ocrx_word' id='word_1_163' title='bbox 882 1404 1117 1456; x_wconf 83' lang='lat' dir='ltr'>quantitate,</span> <span class='ocrx_word' id='word_1_164' title='bbox 1149 1404 1187 1443; x_wconf 89' lang='lat' dir='ltr'>in</span> <span class='ocrx_word' id='word_1_165' title='bbox 1221 1404 1321 1444; x_wconf 79' lang='lat' dir='ltr'>Polo</span> <span class='ocrx_word' id='word_1_166' title='bbox 1353 1403 1393 1443; x_wconf 91' lang='lat' dir='ltr'><strong>A</strong></span> <span class='ocrx_word' id='word_1_167' title='bbox 1432 1416 1475 1443; x_wconf 82' lang='lat' dir='ltr'>ea</span> <span class='ocrx_word' id='word_1_168' title='bbox 1508 1412 1657 1443; x_wconf 84' lang='lat' dir='ltr'>tantum</span> <span class='ocrx_word' id='word_1_169' title='bbox 1699 1403 1827 1441; x_wconf 88' lang='lat' dir='ltr'>intro-</span> 
     </span>
     <span class='ocr_line' id='line_1_24' title="bbox 539 1464 1834 1520; baseline -0.003 -12"><span class='ocrx_word' id='word_1_170' title='bbox 539 1468 672 1518; x_wconf 84' lang='lat' dir='ltr'>cedat,</span> <span class='ocrx_word' id='word_1_171' title='bbox 705 1476 889 1520; x_wconf 88' lang='lat' dir='ltr'>quantum</span> <span class='ocrx_word' id='word_1_172' title='bbox 924 1467 962 1506; x_wconf 89' lang='lat' dir='ltr'>in</span> <span class='ocrx_word' id='word_1_173' title='bbox 1006 1466 1037 1506; x_wconf 86' lang='lat' dir='ltr'>F</span> <span class='ocrx_word' id='word_1_174' title='bbox 1083 1467 1263 1520; x_wconf 85' lang='lat' dir='ltr'>pristinos</span> <span class='ocrx_word' id='word_1_175' title='bbox 1304 1467 1448 1507; x_wconf 87' lang='lat' dir='ltr'>limites</span> <span class='ocrx_word' id='word_1_176' title='bbox 1488 1465 1570 1505; x_wconf 86' lang='lat' dir='ltr'>suos</span> <span class='ocrx_word' id='word_1_177' title='bbox 1617 1464 1834 1517; x_wconf 81' lang='lat' dir='ltr'>egreditur.-</span> 
     </span>
     <span class='ocr_line' id='line_1_25' title="bbox 539 1527 1831 1584; baseline -0.004 -13"><span class='ocrx_word' id='word_1_178' title='bbox 539 1529 614 1572; x_wconf 88' lang='lat' dir='ltr'>Sed</span> <span class='ocrx_word' id='word_1_179' title='bbox 648 1543 727 1571; x_wconf 90' lang='lat' dir='ltr'>non</span> <span class='ocrx_word' id='word_1_180' title='bbox 760 1527 912 1584; x_wconf 83' lang='lat' dir='ltr'>possum</span> <span class='ocrx_word' id='word_1_181' title='bbox 947 1529 1047 1571; x_wconf 88' lang='lat' dir='ltr'>mihi</span> <span class='ocrx_word' id='word_1_182' title='bbox 1083 1531 1329 1584; x_wconf 83' lang='lat' dir='ltr'>persuadere,</span> <span class='ocrx_word' id='word_1_183' title='bbox 1379 1529 1486 1582; x_wconf 75' lang='lat' dir='ltr'>quod</span> <span class='ocrx_word' id='word_1_184' title='bbox 1543 1527 1620 1568; x_wconf 89' lang='lat' dir='ltr'>hoc</span> <span class='ocrx_word' id='word_1_185' title='bbox 1670 1528 1722 1567; x_wconf 77' lang='lat' dir='ltr'>im</span> <span class='ocrx_word' id='word_1_186' title='bbox 1763 1527 1831 1568; x_wconf 86' lang='lat' dir='ltr'>fit..</span> 
     </span>
     <span class='ocr_line' id='line_1_26' title="bbox 541 1589 1829 1646; baseline -0.003 -12"><span class='ocrx_word' id='word_1_187' title='bbox 541 1593 768 1646; x_wconf 50' lang='lat' dir='ltr'>sequeretur</span> <span class='ocrx_word' id='word_1_188' title='bbox 803 1594 908 1634; x_wconf 86' lang='lat' dir='ltr'>enim</span> <span class='ocrx_word' id='word_1_189' title='bbox 943 1594 1111 1643; x_wconf 75' lang='lat' dir='ltr'>exinde,</span> <span class='ocrx_word' id='word_1_190' title='bbox 1146 1595 1248 1646; x_wconf 86' lang='lat' dir='ltr'>quod</span> <span class='ocrx_word' id='word_1_191' title='bbox 1282 1591 1489 1633; x_wconf 67' lang='lat' dir='ltr'>necessario</span> <span class='ocrx_word' id='word_1_192' title='bbox 1530 1591 1718 1644; x_wconf 57' lang='lat' dir='ltr'>pannum</span> <span class='ocrx_word' id='word_1_193' title='bbox 1753 1589 1829 1631; x_wconf 75' lang='lat' dir='ltr'>asi-</span> 
     </span>
     <span class='ocr_line' id='line_1_27' title="bbox 541 1653 1836 1711; baseline -0.003 -14"><span class='ocrx_word' id='word_1_194' title='bbox 541 1658 641 1711; x_wconf 84' lang='lat' dir='ltr'>quod</span> <span class='ocrx_word' id='word_1_195' title='bbox 673 1657 817 1697; x_wconf 77' lang='lat' dir='ltr'>Terrae</span> <span class='ocrx_word' id='word_1_196' title='bbox 854 1657 1077 1709; x_wconf 82' lang='lat' dir='ltr'>primitiuae</span> <span class='ocrx_word' id='word_1_197' title='bbox 1107 1655 1149 1697; x_wconf 79' lang='lat' dir='ltr'>D</span> <span class='ocrx_word' id='word_1_198' title='bbox 1183 1665 1337 1697; x_wconf 83' lang='lat' dir='ltr'>maneat</span> <span class='ocrx_word' id='word_1_199' title='bbox 1367 1655 1621 1707; x_wconf 82' lang='lat' dir='ltr'>inuariatum,</span> <span class='ocrx_word' id='word_1_200' title='bbox 1655 1653 1836 1707; x_wconf 67' lang='lat' dir='ltr'>quamuis⁴</span> 
     </span>
     <span class='ocr_line' id='line_1_28' title="bbox 542 1718 1836 1776; baseline -0.003 -16"><span class='ocrx_word' id='word_1_201' title='bbox 542 1729 704 1760; x_wconf 79' lang='lat' dir='ltr'>conatus</span> <span class='ocrx_word' id='word_1_202' title='bbox 734 1719 963 1771; x_wconf 69' lang='lat' dir='ltr'>ceriti-istigus</span> <span class='ocrx_word' id='word_1_203' title='bbox 996 1720 1051 1759; x_wconf 83' lang='lat' dir='ltr'>ibi</span> <span class='ocrx_word' id='word_1_204' title='bbox 1091 1720 1198 1759; x_wconf 80' lang='lat' dir='ltr'>a&#39;dsit.</span> <span class='ocrx_word' id='word_1_205' title='bbox 1266 1720 1394 1776; x_wconf 81' lang='lat' dir='ltr'>Quare</span> <span class='ocrx_word' id='word_1_206' title='bbox 1437 1719 1546 1758; x_wconf 79' lang='lat' dir='ltr'>malo</span> <span class='ocrx_word' id='word_1_207' title='bbox 1588 1718 1836 1770; x_wconf 72' lang='lat' dir='ltr'>supponere:-</span> 
     </span>
     <span class='ocr_line' id='line_1_29' title="bbox 544 1779 1832 1836; baseline -0.002 -15"><span class='ocrx_word' id='word_1_208' title='bbox 544 1784 725 1836; x_wconf 68' lang='lat' dir='ltr'>puntstum</span> <span class='ocrx_word' id='word_1_209' title='bbox 759 1782 896 1821; x_wconf 72' lang='lat' dir='ltr'>Pol-are</span> <span class='ocrx_word' id='word_1_210' title='bbox 931 1783 967 1822; x_wconf 92' lang='lat' dir='ltr'><strong>A</strong></span> <span class='ocrx_word' id='word_1_211' title='bbox 1003 1795 1159 1823; x_wconf 80' lang='lat' dir='ltr'>manere</span> <span class='ocrx_word' id='word_1_212' title='bbox 1193 1784 1423 1823; x_wconf 83' lang='lat' dir='ltr'>inuariatum</span> <span class='ocrx_word' id='word_1_213' title='bbox 1461 1782 1500 1820; x_wconf 88' lang='lat' dir='ltr'>in</span> <span class='ocrx_word' id='word_1_214' title='bbox 1531 1781 1654 1821; x_wconf 81' lang='lat' dir='ltr'>Terra</span> <span class='ocrx_word' id='word_1_215' title='bbox 1688 1779 1832 1820; x_wconf 87' lang='lat' dir='ltr'>Primi-</span> 
     </span>
     <span class='ocr_line' id='line_1_30' title="bbox 544 1841 1832 1896; baseline -0.001 -12"><span class='ocrx_word' id='word_1_216' title='bbox 544 1846 621 1884; x_wconf 83' lang='lat' dir='ltr'>tiua</span> <span class='ocrx_word' id='word_1_217' title='bbox 655 1855 693 1884; x_wconf 93' lang='lat' dir='ltr'>et</span> <span class='ocrx_word' id='word_1_218' title='bbox 726 1845 905 1896; x_wconf 48' lang='lat' dir='ltr'>Actu-alm</span> <span class='ocrx_word' id='word_1_219' title='bbox 939 1844 997 1885; x_wconf 86' lang='lat' dir='ltr'>sed</span> <span class='ocrx_word' id='word_1_220' title='bbox 1033 1846 1080 1886; x_wconf 84' lang='lat' dir='ltr'>ad</span> <span class='ocrx_word' id='word_1_221' title='bbox 1113 1846 1377 1887; x_wconf 78' lang='lat' dir='ltr'>extensionem</span> <span class='ocrx_word' id='word_1_222' title='bbox 1401 1841 1528 1885; x_wconf 86' lang='lat' dir='ltr'>AGF</span> <span class='ocrx_word' id='word_1_223' title='bbox 1547 1843 1832 1883; x_wconf 81' lang='lat' dir='ltr'>conciliandam</span> 
     </span>
     <span class='ocr_line' id='line_1_31' title="bbox 546 1905 1833 1959; baseline -0.002 -12"><span class='ocrx_word' id='word_1_224' title='bbox 546 1907 748 1959; x_wconf 80' lang='lat' dir='ltr'>Fig.1V.,</span> <span class='ocrx_word' id='word_1_225' title='bbox 784 1909 988 1948; x_wconf 73' lang='lat' dir='ltr'>materiam</span> <span class='ocrx_word' id='word_1_226' title='bbox 1024 1910 1062 1948; x_wconf 92' lang='lat' dir='ltr'>in</span> <span class='ocrx_word' id='word_1_227' title='bbox 1098 1908 1276 1949; x_wconf 86' lang='lat' dir='ltr'>AHEL</span> <span class='ocrx_word' id='word_1_228' title='bbox 1310 1916 1532 1948; x_wconf 80' lang='lat' dir='ltr'>contentam</span> <span class='ocrx_word' id='word_1_229' title='bbox 1572 1906 1658 1947; x_wconf 87' lang='lat' dir='ltr'>fieri</span> <span class='ocrx_word' id='word_1_230' title='bbox 1689 1905 1833 1946; x_wconf 60' lang='lat' dir='ltr'>succes?-</span> 
     </span>
     <span class='ocr_line' id='line_1_32' title="bbox 545 1965 1834 2023; baseline -0.001 -14"><span class='ocrx_word' id='word_1_231' title='bbox 545 1971 619 2010; x_wconf 88' lang='lat' dir='ltr'>fiue</span> <span class='ocrx_word' id='word_1_232' title='bbox 639 1971 822 2010; x_wconf 84' lang='lat' dir='ltr'>rariorem</span> <span class='ocrx_word' id='word_1_233' title='bbox 844 1973 1039 2023; x_wconf 84' lang='lat' dir='ltr'>pergendo</span> <span class='ocrx_word' id='word_1_234' title='bbox 1059 1985 1078 2011; x_wconf 84' lang='lat' dir='ltr'>a</span> <span class='ocrx_word' id='word_1_235' title='bbox 1103 1971 1203 2012; x_wconf 88' lang='lat' dir='ltr'>Polo</span> <span class='ocrx_word' id='word_1_236' title='bbox 1224 1971 1351 2012; x_wconf 75' lang='lat' dir='ltr'>versus</span> <span class='ocrx_word' id='word_1_237' title='bbox 1370 1972 1651 2023; x_wconf 78' lang='lat' dir='ltr'>Aequatorem.</span> <span class='ocrx_word' id='word_1_238' title='bbox 1718 1965 1834 2008; x_wconf 78' lang='lat' dir='ltr'>Con-</span> 
     </span>
    </p>
   </div>
   <div class='ocr_carea' id='block_1_5' title="bbox 374 2033 1833 2089">
    <p class='ocr_par' dir='ltr' id='par_1_5' title="bbox 374 2033 1833 2089">
     <span class='ocr_line' id='line_1_33' title="bbox 374 2033 1833 2089; baseline -0.003 -14"><span class='ocrx_word' id='word_1_239' title='bbox 374 2046 474 2082; x_wconf 74' lang='lat' dir='ltr'>Figura</span> <span class='ocrx_word' id='word_1_240' title='bbox 499 2051 519 2080; x_wconf 83' lang='lat'>4</span> <span class='ocrx_word' id='word_1_241' title='bbox 547 2033 716 2075; x_wconf 80' lang='lat' dir='ltr'>siderabo</span> <span class='ocrx_word' id='word_1_242' title='bbox 749 2045 847 2074; x_wconf 89' lang='lat' dir='ltr'>nunc</span> <span class='ocrx_word' id='word_1_243' title='bbox 880 2035 1109 2089; x_wconf 73' lang='lat' dir='ltr'>particulam</span> <span class='ocrx_word' id='word_1_244' title='bbox 1140 2034 1204 2088; x_wconf 83' lang='lat' dir='ltr'>H,</span> <span class='ocrx_word' id='word_1_245' title='bbox 1237 2034 1395 2077; x_wconf 81' lang='lat' dir='ltr'>habebit</span> <span class='ocrx_word' id='word_1_246' title='bbox 1426 2046 1496 2086; x_wconf 84' lang='lat' dir='ltr'>ea,</span> <span class='ocrx_word' id='word_1_247' title='bbox 1538 2042 1627 2075; x_wconf 85' lang='lat' dir='ltr'>ante</span> <span class='ocrx_word' id='word_1_248' title='bbox 1674 2041 1833 2075; x_wconf 88' lang='lat' dir='ltr'>motum</span> 
     </span>
    </p>
   </div>
   <div class='ocr_carea' id='block_1_6' title="bbox 1697 2093 1837 2136">
    <p class='ocr_par' dir='ltr' id='par_1_6' title="bbox 1697 2093 1837 2136">
     <span class='ocr_line' id='line_1_34' title="bbox 1697 2093 1837 2136; baseline -0.007 0"><span class='ocrx_word' id='word_1_249' title='bbox 1697 2093 1837 2136; x_wconf 79' lang='lat' dir='ltr'>Verti-</span> 
     </span>
    </p>
   </div>
  </div>
 </body>
</html>
