1941 2674
121 74 203 118 DE
234 71 712 116 THERMOMETRIS
744 71 1290 121 CONCORDANTIBVS.
1315 92 1411 131 329,

84 191 213 233 linder
246 192 286 232 in
319 191 458 232 infima
490 190 542 232 sui
574 199 682 244 parte
723 193 764 232 in
807 192 973 244 figuram
1014 194 1192 235 conicam
1236 196 1411 246 ducitur,

82 253 228 295 seruata
263 257 302 296 in
331 257 441 309 apice
473 255 554 295 eius
585 265 764 308 apertura
796 257 1067 308 angustiffima.
1135 259 1323 312 Repletio
1351 259 1410 312 fit,

84 320 291 371 exugendo
326 332 456 359 aerem
500 331 570 371 per
600 320 767 358 alterum
810 321 890 359 tubi
923 331 1173 373 extremum,
1220 332 1263 361 vt
1296 321 1411 362 Mer-

84 383 210 422 curius
242 395 312 435 per
345 383 464 436 apicis
497 380 690 421 inferioris
709 392 929 435 aperturam
953 385 1095 437 intret,
1132 385 1218 435 vel,
1253 386 1277 424 si
1300 385 1413 425 Mer-

83 445 180 486 curii
213 450 328 498 copia
364 447 432 485 tibi
465 445 628 497 suppetit
660 455 789 485 totum
827 448 1044 496 cylindrum
1087 449 1128 486 in
1173 449 1286 487 illum
1330 449 1412 488 im-

84 509 307 559 mittendo,
340 519 382 549 vt
414 509 473 548 sua
506 509 694 559 grauitate
726 511 857 548 intret.
924 510 1139 563 Replctum
1179 511 1412 551 instrumen-

82 579 169 611 tum
206 573 378 620 inuerte,
414 571 647 624 applicando
679 571 846 623 digitum
881 573 928 612 ad
978 574 1059 612 tubi
1094 572 1318 625 orificium,
1371 584 1412 614 et

83 635 236 687 apicem
271 635 406 684 claude
439 634 485 673 ad
518 633 723 673 flammam
758 635 918 685 lychni,
952 648 1068 687 quam
1102 649 1171 688 per
1201 637 1323 676 alium
1346 647 1409 676 tu·-

84 696 220 738 bulum
256 698 452 747 vitreum,
485 697 549 748 qui
583 697 622 735 in
658 697 883 749 capillarcm
917 698 1051 737 ductus
1079 699 1156 749 cst,
1203 699 1413 739 celerrime

82 759 200 800 affiis.
270 758 335 800 Ne
367 759 530 798 flamma
573 759 688 797 nimis
727 760 773 798 ad
814 760 1058 799 Mercurium
1100 762 1410 814 appropinquat,

82 832 243 876 oportet
273 822 493 873 cylindrum
533 821 578 860 ad
611 830 686 859 tres
719 831 927 873 quatuorue
960 822 1081 861 lineas
1103 835 1266 862 vacuum
1287 824 1411 863 relin-

82 897 224 939 quere,
256 894 296 924 et
329 894 537 937 propterea
571 893 720 936 partem
743 883 953 934 Mercurii,
991 885 1016 924 si
1037 885 1308 938 abundauetit,
1343 900 1412 940 per

81 949 219 989 tubum
251 948 464 987 dimittere.
532 947 634 1002 Quia
666 945 743 985 hoc
778 948 901 987 modo
934 948 1035 987 inter
1066 948 1217 1000 apicem
1239 948 1410 990 clausum

79 1023 120 1053 et
153 1010 399 1052 Mercurium
434 1009 597 1064 spatium
631 1009 758 1048 existit
791 1022 878 1048 aere
924 1011 1141 1062 repletum:
1182 1010 1249 1050 ille
1294 1011 1409 1053 facile

80 1075 271 1127 abigitur,
305 1073 331 1113 fi
364 1073 444 1112 tubi
476 1072 741 1113 summitatem
779 1073 930 1111 duobus
961 1074 1145 1113 dexterae
1168 1074 1299 1126 digitis
1318 1087 1411 1127 pre-

80 1137 252 1186 herum,
287 1146 399 1189 atque
432 1136 485 1175 ita
518 1135 887 1189 perpendiculariter
931 1135 1106 1189 suspenst)
1149 1136 1408 1178 instrumento

82 1201 288 1240 dexteram
324 1211 484 1238 manum
523 1199 571 1238 ad
610 1198 791 1238 sinistram
828 1197 975 1238 allidas.
1045 1197 1170 1252 Saepe
1203 1212 1278 1239 vna
1306 1201 1408 1241 alte-

82 1276 172 1303 raue
204 1262 433 1303 succuffione
469 1273 534 1301 aer
570 1261 702 1300 omnis
739 1262 882 1301 auolat.
948 1261 1093 1316 Quodsi
1130 1273 1228 1302 vero
1246 1275 1305 1302 res
1327 1264 1410 1303 mi·-

83 1338 155 1366 nus
192 1324 384 1370 succedat..
419 1334 602 1378 oportet,
635 1334 677 1364 vt
709 1324 756 1364 ad
789 1336 920 1363 manus
954 1324 1094 1364 habeas
1134 1323 1244 1364 filum
1291 1335 1409 1367 tenue

84 1391 271 1438 ferreum,
304 1387 440 1441 quibus
476 1387 611 1428 Musici
654 1397 834 1436 Vtuntur,
879 1399 956 1438 quo
989 1386 1013 1426 si
1047 1399 1114 1439 per
1158 1387 1281 1428 tubuli
1323 1390 1410 1430 ori-

85 1450 220 1491 ficium
255 1450 302 1490 ad
338 1451 502 1501 cylindri
543 1450 695 1503 apicem
743 1449 918 1489 immiss'o
965 1449 1126 1490 bullulas
1165 1451 1264 1490 aeris
1311 1452 1409 1493 reli-

83 1527 173 1569 quas
209 1514 406 1566 tetigeriS,
439 1512 510 1553 hae
547 1514 751 1552 cedentem
791 1512 845 1552 fili
878 1514 1171 1552 extremitatem
1206 1513 1411 1568 insequen-

81 1588 139 1619 tes
176 1578 421 1628 reciprocatis
456 1575 643 1629 aliquibus
680 1576 852 1615 motibus
887 1573 996 1615 facile
1032 1575 1296 1631 extrahentur.
1363 1577 1408 1620 Si

84 1642 184 1682 forte
222 1640 516 1679 instrumentum
556 1651 634 1678 non
673 1637 781 1689 satis,
815 1647 880 1677 aut
912 1638 1029 1678 nimis
1061 1638 1252 1691 repletum
1272 1641 1404 1693 fuerit,

84 1704 197 1746 huius
233 1703 344 1756 ipsius
381 1702 434 1742 fili
470 1714 548 1755 ope
585 1703 794 1741 mercurius
830 1701 1046 1741 commode
1082 1701 1172 1741 addi
1203 1713 1269 1742 aut
1297 1705 1407 1745 demi

84 1765 232 1821 pottst,
273 1765 298 1805 fi
318 1766 356 1804 in
376 1768 506 1818 primo
527 1765 608 1804 casu
630 1765 736 1804 iuxta
756 1764 850 1804 illud
878 1776 949 1817 per
977 1764 1260 1805 infundibulum
1290 1775 1407 1808 tenue

84 1830 325 1880 infunditur3
366 1829 418 1868 ita
457 1828 562 1868 enim
600 1828 819 1868 Mercurius
837 1827 882 1867 ad
902 1839 1024 1866 vnum
1045 1827 1141 1867 latus
1162 1827 1218 1868 fili
1246 1829 1406 1870 descen-

83 1895 163 1942 dit,
196 1892 243 1932 ad
281 1892 443 1931 alterum
481 1903 579 1931 vero
612 1891 691 1930 aeri
723 1889 886 1943 spatium
924 1890 1177 1942 relinquitur,
1219 1903 1265 1932 vt
1305 1905 1405 1933 auo-

82 1957 164 1998 lare
203 1954 340 2008 possit,
375 1955 411 1994 id
445 1954 547 2008 quod
586 1954 713 1993 multo
752 1953 892 1993 melius
928 1953 1004 2000 est,
1046 1965 1163 2005 quam
1208 1954 1233 1994 fi
1273 1955 1404 1995 infun-

82 2020 254 2068 dibulum
298 2018 433 2058 tubulo
469 2016 643 2074 capillati
686 2015 911 2068 longissimo
947 2015 1170 2058 instructum
1217 2017 1406 2060 adhibuer·

86 2083 195 2126 Tom,
230 2080 363 2126 VIII.
754 2079 820 2120 Tt
1003 2125 1006 2129 ⁴
1322 2081 1403 2146 fis,
