1941 2674
403 47 487 94 ET
514 48 1069 100 METEORoLocrcAE.
1273 71 1358 114 431

90 177 230 206 totam.
301 165 432 208 Mirari
458 181 549 221 ergo
575 170 795 219 desinamus,
827 171 853 212 si
882 172 990 224 frigus
1014 173 1088 214 hoc
1116 186 1235 225 anno,
1268 177 1367 229 quod

89 242 157 283 per
191 230 352 282 aliquam
390 230 662 281 solummodo,
713 246 868 285 eamque
905 236 1056 276 breuem
1091 237 1163 276 diei
1195 249 1364 290 partem,

89 294 129 333 vi
162 291 304 331 summa
335 294 486 344 agebat,
532 307 599 347 per
630 305 764 335 ceteras
795 306 919 337 autem
949 299 1021 338 diei
1054 310 1174 352 partes
1205 302 1284 341 vim
1318 303 1366 341 il-

91 355 170 395 lam
204 356 389 394 summam
422 357 460 395 in
493 360 636 409 agendo
670 359 790 397 modo
822 362 938 412 magis
973 363 1207 412 remittebat,
1250 365 1369 405 modo

91 418 215 457 minus
247 419 487 465 (remittebat
523 430 649 460 tamen
679 421 847 473 semper)
881 435 955 462 non
989 426 1147 476 potuerit
1183 437 1246 464 eos
1277 427 1371 466 effe.

92 480 173 520 ‹stus
202 480 326 529 edere,
363 494 455 532 quos
483 483 598 522 edidit
630 495 728 522 anuo
765 495 895 534 1709.
934 499 1009 538 quo
1039 500 1138 526 anno
1168 487 1239 526 scre
1270 490 1370 528 sem-

94 555 164 595 per
194 544 325 582 eadem
359 543 424 583 suit
455 554 492 583 ct
522 546 689 585 constans
718 547 860 598 frigoris
890 547 1048 588 saeuities
1079 553 1244 599 summa,
1284 560 1367 591 tum

95 614 249 659 propter
275 607 354 645 vim
384 608 485 646 venti
502 638 512 656 ‚
549 618 628 647 tum
666 619 816 661 propter
845 610 1034 652 defectum
1065 611 1164 653 Solis
1193 614 1363 664 interdiu,

91 669 255 722 ae’risque
290 669 511 710 noeturnam
549 671 795 712 serenitatem.

239 789 285 830 In
318 786 511 832 Mercurio
551 789 732 845 Histoi-ico
772 797 811 831 et
851 789 998 834 Politico
1037 795 1200 843 (Tomo
1231 795 1371 840 Menfis

91 854 219 896 Martii
253 853 333 892 An.
374 865 506 903 1740.
548 854 595 893 ad
626 854 796 901 calcem)
837 856 898 906 qui
939 857 1035 908 apud
1074 855 1236 897 Batauos
1275 861 1373 912 typis

84 918 205 958 editur
224 947 235 966 ‚
285 914 484 968 descriptae
521 913 597 955 sunt
637 916 902 956 obsemationes
933 918 1131 957 nonnullae
1162 920 1199 958 in
1231 919 1375 970 hyeme

89 981 145 1022 A.
166 990 219 1028 17
228 991 300 1029 39.
323 987 361 1017 et
384 990 515 1026 1740.
537 979 683 1018 habitae
701 977 873 1018 Harlemi
891 979 937 1019 ab
959 979 1019 1021 D.
1040 979 1193 1022 Nic-olai
1210 980 1369 1034 Duino,

87 1042 388 1083 Thermometro
421 1041 741 1081 Fahrenlieitiano.
811 1039 885 1081 Sed
916 1043 1098 1082 incertum
1131 1057 1178 1084 an
1209 1045 1284 1089 dies
1315 1047 1368 1088 ibi

86 1105 237 1147 indicati
269 1105 431 1144 reuocari
465 1105 620 1144 debeant
652 1105 696 1144 ad
729 1104 853 1144 stilum
885 1115 1052 1145 veterem
1086 1107 1202 1159 (quod
1233 1108 1370 1149 facien-

84 1170 179 1210 dum
211 1166 355 1208 fortasse
384 1167 570 1208 videretur
600 1167 697 1213 esse)
730 1179 772 1206 ac
803 1177 987 1220 praeterea
1021 1168 1290 1210 obseruationes
1319 1172 1368 1212 il-

85 1232 146 1272 lae
177 1232 299 1284 paucis
325 1229 483 1271 Ianuarii
511 1244 552 1270 ac
579 1230 765 1271 Februarii
791 1230 914 1270 diebus
941 1229 1175 1283 respondent.
1238 1233 1303 1274 Ex
1328 1235 1372 1276 iis

86 1304 216 1336 tamen
247 1293 391 1333 videtur
427 1292 524 1333 mihi
557 1293 657 1345 posse
690 1292 841 1345 colligi,
889 1293 989 1345 quod
1023 1302 1062 1332 et
1093 1295 1264 1335 maxime
1295 1297 1370 1338 loci

83 1358 262 1399 conuenit
301 1356 452 1410 ingenio
473 1386 483 1404 ‚
537 1356 646 1410 frigus
687 1357 725 1395 in
769 1354 920 1395 Bataui-a
953 1354 1210 1397 vehementius
1246 1359 1367 1410 fuisse,

85 1433 201 1475 quarn
244 1419 308 1460 hic
343 1419 441 1472 apud
475 1430 571 1458 nos:
624 1418 683 1458 sed
723 1418 798 1458 illic
838 1419 988 1471 quidem
1031 1416 1220 1460 summum
1259 1421 1370 1474 frigus

87 1483 213 1526 mense
241 1481 416 1522 Ianuario
450 1482 659 1534 contingit3
693 1480 753 1521 hic
784 1482 905 1520 mense
931 1480 1154 1535 Februari03
1190 1495 1232 1523 ac
1261 1482 1370 1537 fiigus·

89 1547 306 1588 maximum
338 1545 522 1586 Februarii
557 1544 619 1583 hic
652 1544 778 1597 paullo
809 1553 892 1583 ante
923 1541 1110 1594 desaeuiit,
1147 1557 1261 1599 quam
1292 1547 1369 1590 illic

84 1609 196 1663 frigus
229 1609 446 1649 maximum
477 1607 643 1648 eiusdem
678 1605 823 1648 meniis.

233 1731 350 1787 Quod
377 1739 504 1771 autern
530 1730 575 1770 ad
602 1730 769 1784 physicas
792 1731 1026 1775 insolentium
1056 1733 1236 1788 frigorum
1263 1747 1370 1777 caus-

84 1796 138 1838 sas
170 1796 302 1836 attinet
323 1825 333 1844 ,
379 1794 428 1833 de
461 1795 503 1833 iis
537 1793 640 1833 facile
675 1793 755 1835 sciri
786 1796 920 1849 aliquid
953 1797 1043 1838 certi
1062 1829 1073 1847 ‚
1115 1797 1369 1853 affirmarique

86 1860 244 1915 poterit,
288 1857 315 1898 si
346 1865 492 1910 tempus
521 1865 686 1910 appetat,
730 1870 805 1910 quo
836 1868 956 1911 pateat
987 1860 1226 1910 manifestius,
1256 1875 1368 1914 quare

87 1923 156 1964 fiat
182 1932 225 1963 vt
252 1932 318 1961 ver
348 1920 566 1973 quandoque
597 1920 825 1961 vberioribus
855 1920 962 1964 solito
992 1923 1120 1964 scateat
1145 1925 1368 1977 vaporibus,

86 1987 186 2029 vnde
218 1993 366 2041 praeter
397 1995 549 2026 morem
581 1985 814 2036 modumque
846 1986 992 2040 pluuiae
1020 1987 1257 2045 tempestates
1281 1987 1369 2027 ein-

674 2045 709 2088 L
726 2046 772 2088 ll
806 2059 831 2087 2
1253 2049 1367 2104 ssunq
