<?xml version="1.0" encoding="UTF-8"?>
<!DOCTYPE html PUBLIC "-//W3C//DTD XHTML 1.0 Transitional//EN"
    "http://www.w3.org/TR/xhtml1/DTD/xhtml1-transitional.dtd">
<html xmlns="http://www.w3.org/1999/xhtml" xml:lang="en" lang="en">
 <head>
  <title>
</title>
<meta http-equiv="Content-Type" content="text/html;charset=utf-8" />
  <meta name='ocr-system' content='tesseract 3.04.00' />
  <meta name='ocr-capabilities' content='ocr_page ocr_carea ocr_par ocr_line ocrx_word'/>
</head>
<body>
  <div class='ocr_page' id='page_1' title='image "./commentariiacade08impe_0230.png"; bbox 0 0 1941 2674; ppageno 0'>
   <div class='ocr_carea' id='block_1_1' title="bbox 501 64 1260 117">
    <p class='ocr_par' dir='ltr' id='par_1_1' title="bbox 501 64 1260 117">
     <span class='ocr_line' id='line_1_1' title="bbox 501 64 1260 117; baseline 0.001 -11"><span class='ocrx_word' id='word_1_1' title='bbox 501 68 582 117; x_wconf 43' lang='lat'>{93</span> <span class='ocrx_word' id='word_1_2' title='bbox 971 64 1061 108; x_wconf 66' lang='lat' dir='ltr'>DE</span> <span class='ocrx_word' id='word_1_3' title='bbox 1095 65 1260 108; x_wconf 78' lang='lat' dir='ltr'><em>POMO</em></span> 
     </span>
    </p>
   </div>
   <div class='ocr_carea' id='block_1_2' title="bbox 495 182 1792 1559">
    <p class='ocr_par' dir='ltr' id='par_1_2' title="bbox 495 182 1792 1559">
     <span class='ocr_line' id='line_1_2' title="bbox 496 182 1785 236; baseline 0.003 -15"><span class='ocrx_word' id='word_1_4' title='bbox 496 183 701 235; x_wconf 78' lang='lat' dir='ltr'>get-ationis</span> <span class='ocrx_word' id='word_1_5' title='bbox 735 184 950 236; x_wconf 85' lang='lat' dir='ltr'>plantarum</span> <span class='ocrx_word' id='word_1_6' title='bbox 986 182 1160 222; x_wconf 88' lang='lat' dir='ltr'>nondum</span> <span class='ocrx_word' id='word_1_7' title='bbox 1196 183 1246 221; x_wconf 78' lang='lat' dir='ltr'>ita</span> <span class='ocrx_word' id='word_1_8' title='bbox 1281 182 1459 233; x_wconf 84' lang='lat' dir='ltr'>exculta,</span> <span class='ocrx_word' id='word_1_9' title='bbox 1502 191 1545 222; x_wconf 62' lang='lat' dir='ltr'>rt</span> <span class='ocrx_word' id='word_1_10' title='bbox 1577 196 1654 224; x_wconf 90' lang='lat' dir='ltr'>non</span> <span class='ocrx_word' id='word_1_11' title='bbox 1694 201 1785 229; x_wconf 75' lang='lat' dir='ltr'>ma-</span> 
     </span>
     <span class='ocr_line' id='line_1_3' title="bbox 498 246 1782 290; baseline 0.004 -5"><span class='ocrx_word' id='word_1_12' title='bbox 498 258 591 285; x_wconf 88' lang='lat' dir='ltr'>num</span> <span class='ocrx_word' id='word_1_13' title='bbox 641 248 926 287; x_wconf 74' lang='lat' dir='ltr'>auxiliatricem</span> <span class='ocrx_word' id='word_1_14' title='bbox 977 256 1017 285; x_wconf 83' lang='lat' dir='ltr'>et</span> <span class='ocrx_word' id='word_1_15' title='bbox 1068 246 1373 285; x_wconf 73' lang='lat' dir='ltr'>emendatricem</span> <span class='ocrx_word' id='word_1_16' title='bbox 1414 246 1537 285; x_wconf 80' lang='lat' dir='ltr'>adhuc</span> <span class='ocrx_word' id='word_1_17' title='bbox 1584 248 1782 290; x_wconf 76' lang='lat' dir='ltr'>desideret.</span> 
     </span>
     <span class='ocr_line' id='line_1_4' title="bbox 499 307 1786 364; baseline 0.005 -17"><span class='ocrx_word' id='word_1_18' title='bbox 499 309 577 348; x_wconf 79' lang='lat' dir='ltr'>Etsi</span> <span class='ocrx_word' id='word_1_19' title='bbox 611 311 800 360; x_wconf 68' lang='lat' dir='ltr'>praeclara</span> <span class='ocrx_word' id='word_1_20' title='bbox 835 311 930 359; x_wconf 74' lang='lat' dir='ltr'>sint,</span> <span class='ocrx_word' id='word_1_21' title='bbox 965 320 1061 360; x_wconf 77' lang='lat' dir='ltr'>quae</span> <span class='ocrx_word' id='word_1_22' title='bbox 1092 307 1359 362; x_wconf 66' lang='lat' dir='ltr'>Malpjghms,</span> <span class='ocrx_word' id='word_1_23' title='bbox 1404 308 1609 350; x_wconf 68' lang='lat' dir='ltr'>Nehemias</span> <span class='ocrx_word' id='word_1_24' title='bbox 1648 314 1786 364; x_wconf 56' lang='grc' dir='ltr'>(λίψ,</span> 
     </span>
     <span class='ocr_line' id='line_1_5' title="bbox 498 372 1787 430; baseline 0.002 -19"><span class='ocrx_word' id='word_1_25' title='bbox 498 383 576 411; x_wconf 77' lang='lat' dir='ltr'>van</span> <span class='ocrx_word' id='word_1_26' title='bbox 595 372 865 412; x_wconf 64' lang='lat' dir='ltr'>Leeuwenhoek</span> <span class='ocrx_word' id='word_1_27' title='bbox 897 383 935 411; x_wconf 87' lang='lat' dir='ltr'>ct</span> <span class='ocrx_word' id='word_1_28' title='bbox 958 372 1023 410; x_wconf 71' lang='lat' dir='ltr'>aiii</span> <span class='ocrx_word' id='word_1_29' title='bbox 1057 372 1105 409; x_wconf 89' lang='lat' dir='ltr'>de</span> <span class='ocrx_word' id='word_1_30' title='bbox 1138 373 1335 410; x_wconf 77' lang='lat' dir='ltr'>anatomia</span> <span class='ocrx_word' id='word_1_31' title='bbox 1369 373 1585 424; x_wconf 81' lang='lat' dir='ltr'>plantarum</span> <span class='ocrx_word' id='word_1_32' title='bbox 1620 374 1787 430; x_wconf 82' lang='lat' dir='ltr'>dedc1·e;</span> 
     </span>
     <span class='ocr_line' id='line_1_6' title="bbox 497 432 1787 488; baseline 0.004 -16"><span class='ocrx_word' id='word_1_33' title='bbox 497 436 671 474; x_wconf 76' lang='lat' dir='ltr'>nondum</span> <span class='ocrx_word' id='word_1_34' title='bbox 710 447 838 475; x_wconf 84' lang='lat' dir='ltr'>tamen</span> <span class='ocrx_word' id='word_1_35' title='bbox 873 434 1098 475; x_wconf 64' lang='lat' dir='ltr'>fatisfaciunt</span> <span class='ocrx_word' id='word_1_36' title='bbox 1130 435 1176 473; x_wconf 85' lang='lat' dir='ltr'>ad</span> <span class='ocrx_word' id='word_1_37' title='bbox 1213 432 1319 473; x_wconf 83' lang='lat' dir='ltr'>vsum</span> <span class='ocrx_word' id='word_1_38' title='bbox 1353 436 1523 487; x_wconf 74' lang='lat' dir='ltr'>partium</span> <span class='ocrx_word' id='word_1_39' title='bbox 1555 437 1787 488; x_wconf 83' lang='lat' dir='ltr'>singularum</span> 
     </span>
     <span class='ocr_line' id='line_1_7' title="bbox 498 497 1786 550; baseline 0.004 -14"><span class='ocrx_word' id='word_1_40' title='bbox 498 498 781 549; x_wconf 81' lang='lat' dir='ltr'>euincendum‚</span> <span class='ocrx_word' id='word_1_41' title='bbox 815 500 957 538; x_wconf 86' lang='lat' dir='ltr'>nedum</span> <span class='ocrx_word' id='word_1_42' title='bbox 990 497 1037 536; x_wconf 79' lang='lat' dir='ltr'>ad</span> <span class='ocrx_word' id='word_1_43' title='bbox 1071 497 1263 536; x_wconf 86' lang='lat' dir='ltr'>theoriam</span> <span class='ocrx_word' id='word_1_44' title='bbox 1303 499 1565 550; x_wconf 77' lang='lat' dir='ltr'>vegetationis</span> <span class='ocrx_word' id='word_1_45' title='bbox 1604 501 1786 541; x_wconf 83' lang='lat' dir='ltr'>omnibus</span> 
     </span>
     <span class='ocr_line' id='line_1_8' title="bbox 496 559 1789 604; baseline 0.004 -5"><span class='ocrx_word' id='word_1_46' title='bbox 496 559 567 600; x_wconf 74' lang='lat' dir='ltr'>suis</span> <span class='ocrx_word' id='word_1_47' title='bbox 608 562 780 602; x_wconf 81' lang='lat' dir='ltr'>numeris</span> <span class='ocrx_word' id='word_1_48' title='bbox 825 561 1036 601; x_wconf 56' lang='lat' dir='ltr'>abspluam</span> <span class='ocrx_word' id='word_1_49' title='bbox 1078 560 1336 600; x_wconf 83' lang='lat' dir='ltr'>condendam.</span> <span class='ocrx_word' id='word_1_50' title='bbox 1403 560 1508 601; x_wconf 87' lang='lat' dir='ltr'>Haec</span> <span class='ocrx_word' id='word_1_51' title='bbox 1557 563 1658 602; x_wconf 88' lang='lat' dir='ltr'>ratio</span> <span class='ocrx_word' id='word_1_52' title='bbox 1699 575 1789 604; x_wconf 85' lang='lat' dir='ltr'>ante</span> 
     </span>
     <span class='ocr_line' id='line_1_9' title="bbox 498 624 1790 676; baseline 0.003 -13"><span class='ocrx_word' id='word_1_53' title='bbox 498 624 645 664; x_wconf 85' lang='lat' dir='ltr'>multos</span> <span class='ocrx_word' id='word_1_54' title='bbox 678 637 797 665; x_wconf 79' lang='lat' dir='ltr'>annos</span> <span class='ocrx_word' id='word_1_55' title='bbox 831 638 898 665; x_wconf 89' lang='lat' dir='ltr'>me</span> <span class='ocrx_word' id='word_1_56' title='bbox 932 624 1112 676; x_wconf 83' lang='lat' dir='ltr'>impulit,</span> <span class='ocrx_word' id='word_1_57' title='bbox 1147 632 1190 661; x_wconf 64' lang='lat' dir='ltr'>vt</span> <span class='ocrx_word' id='word_1_58' title='bbox 1221 624 1268 663; x_wconf 81' lang='lat' dir='ltr'>ad</span> <span class='ocrx_word' id='word_1_59' title='bbox 1302 637 1389 664; x_wconf 84' lang='lat' dir='ltr'>cam</span> <span class='ocrx_word' id='word_1_60' title='bbox 1433 626 1607 665; x_wconf 83' lang='lat' dir='ltr'>animum</span> <span class='ocrx_word' id='word_1_61' title='bbox 1649 627 1790 667; x_wconf 42' lang='lat' dir='ltr'>aduer*</span> 
     </span>
     <span class='ocr_line' id='line_1_10' title="bbox 499 686 1787 742; baseline 0.004 -17"><span class='ocrx_word' id='word_1_62' title='bbox 499 695 623 727; x_wconf 88' lang='lat' dir='ltr'>terem</span> <span class='ocrx_word' id='word_1_63' title='bbox 661 698 701 727; x_wconf 84' lang='lat' dir='ltr'>et</span> <span class='ocrx_word' id='word_1_64' title='bbox 737 689 801 728; x_wconf 78' lang='lat' dir='ltr'>via</span> <span class='ocrx_word' id='word_1_65' title='bbox 832 687 1023 738; x_wconf 78' lang='lat' dir='ltr'>analytica</span> <span class='ocrx_word' id='word_1_66' title='bbox 1061 688 1100 726; x_wconf 91' lang='lat' dir='ltr'>in</span> <span class='ocrx_word' id='word_1_67' title='bbox 1136 686 1299 725; x_wconf 79' lang='lat' dir='ltr'>eandem</span> <span class='ocrx_word' id='word_1_68' title='bbox 1344 688 1608 740; x_wconf 70' lang='lat' dir='ltr'>inquirerem,</span> <span class='ocrx_word' id='word_1_69' title='bbox 1648 702 1787 742; x_wconf 66' lang='lat' dir='ltr'>quem—3</span> 
     </span>
     <span class='ocr_line' id='line_1_11' title="bbox 499 749 1788 804; baseline 0.004 -16"><span class='ocrx_word' id='word_1_70' title='bbox 499 752 714 791; x_wconf 80' lang='lat' dir='ltr'>admodum</span> <span class='ocrx_word' id='word_1_71' title='bbox 747 752 861 791; x_wconf 86' lang='lat' dir='ltr'>docui</span> <span class='ocrx_word' id='word_1_72' title='bbox 894 750 1101 804; x_wconf 79' lang='lat' dir='ltr'>specimine</span> <span class='ocrx_word' id='word_1_73' title='bbox 1130 749 1263 801; x_wconf 73' lang='lat' dir='ltr'>aliquo</span> <span class='ocrx_word' id='word_1_74' title='bbox 1296 751 1335 789; x_wconf 90' lang='lat' dir='ltr'>in</span> <span class='ocrx_word' id='word_1_75' title='bbox 1371 752 1584 790; x_wconf 80' lang='lat' dir='ltr'>tentamine</span> <span class='ocrx_word' id='word_1_76' title='bbox 1619 753 1668 792; x_wconf 89' lang='lat' dir='ltr'>de</span> <span class='ocrx_word' id='word_1_77' title='bbox 1695 766 1788 793; x_wconf 85' lang='lat' dir='ltr'>vera</span> 
     </span>
     <span class='ocr_line' id='line_1_12' title="bbox 499 811 1787 868; baseline 0.004 -17"><span class='ocrx_word' id='word_1_78' title='bbox 499 813 604 852; x_wconf 70' lang='lat' dir='ltr'>caula</span> <span class='ocrx_word' id='word_1_79' title='bbox 639 814 971 867; x_wconf 81' lang='lat' dir='ltr'>multiplicationis</span> <span class='ocrx_word' id='word_1_80' title='bbox 1000 811 1182 853; x_wconf 65' lang='lat' dir='ltr'>frumenti</span> <span class='ocrx_word' id='word_1_81' title='bbox 1215 812 1402 852; x_wconf 85' lang='lat' dir='ltr'>idiomate</span> <span class='ocrx_word' id='word_1_82' title='bbox 1440 815 1568 866; x_wconf 84' lang='lat' dir='ltr'>patrio</span> <span class='ocrx_word' id='word_1_83' title='bbox 1611 828 1787 868; x_wconf 83' lang='lat' dir='ltr'>primum</span> 
     </span>
     <span class='ocr_line' id='line_1_13' title="bbox 498 874 1788 931; baseline 0.002 -16"><span class='ocrx_word' id='word_1_84' title='bbox 498 877 718 929; x_wconf 62' lang='lat' dir='ltr'>conscripto</span> <span class='ocrx_word' id='word_1_85' title='bbox 755 887 794 916; x_wconf 86' lang='lat' dir='ltr'>et</span> <span class='ocrx_word' id='word_1_86' title='bbox 825 877 953 930; x_wconf 79' lang='lat' dir='ltr'>postea</span> <span class='ocrx_word' id='word_1_87' title='bbox 986 887 1074 915; x_wconf 89' lang='lat' dir='ltr'>cum</span> <span class='ocrx_word' id='word_1_88' title='bbox 1106 875 1316 928; x_wconf 81' lang='lat' dir='ltr'>appendice</span> <span class='ocrx_word' id='word_1_89' title='bbox 1349 874 1503 916; x_wconf 80' lang='lat' dir='ltr'>secunda</span> <span class='ocrx_word' id='word_1_90' title='bbox 1535 878 1619 916; x_wconf 76' lang='lat' dir='ltr'>vice</span> <span class='ocrx_word' id='word_1_91' title='bbox 1653 880 1788 931; x_wconf 82' lang='lat' dir='ltr'>edito,</span> 
     </span>
     <span class='ocr_line' id='line_1_14' title="bbox 502 938 1789 989; baseline 0.004 -13"><span class='ocrx_word' id='word_1_92' title='bbox 502 950 600 978; x_wconf 88' lang='lat' dir='ltr'>nunc</span> <span class='ocrx_word' id='word_1_93' title='bbox 636 952 731 979; x_wconf 87' lang='lat' dir='ltr'>vero</span> <span class='ocrx_word' id='word_1_94' title='bbox 763 941 803 979; x_wconf 89' lang='lat' dir='ltr'>in</span> <span class='ocrx_word' id='word_1_95' title='bbox 836 940 1059 979; x_wconf 87' lang='lat' dir='ltr'>sermonem</span> <span class='ocrx_word' id='word_1_96' title='bbox 1088 938 1353 989; x_wconf 81' lang='lat' dir='ltr'>Anglicanum</span> <span class='ocrx_word' id='word_1_97' title='bbox 1386 939 1571 978; x_wconf 83' lang='lat' dir='ltr'>conuerso</span> <span class='ocrx_word' id='word_1_98' title='bbox 1605 941 1652 979; x_wconf 80' lang='lat' dir='ltr'>ab</span> <span class='ocrx_word' id='word_1_99' title='bbox 1671 944 1789 981; x_wconf 85' lang='lat' dir='ltr'>Ano-</span> 
     </span>
     <span class='ocr_line' id='line_1_15' title="bbox 495 998 1789 1051; baseline 0.005 -12"><span class='ocrx_word' id='word_1_100' title='bbox 495 1012 639 1051; x_wconf 83' lang='lat' dir='ltr'>-nymo.</span> <span class='ocrx_word' id='word_1_101' title='bbox 703 1002 758 1042; x_wconf 85' lang='lat' dir='ltr'>Et</span> <span class='ocrx_word' id='word_1_102' title='bbox 790 1003 934 1042; x_wconf 90' lang='lat' dir='ltr'>eodem</span> <span class='ocrx_word' id='word_1_103' title='bbox 968 1000 1046 1039; x_wconf 87' lang='lat' dir='ltr'>fine</span> <span class='ocrx_word' id='word_1_104' title='bbox 1079 1002 1117 1040; x_wconf 87' lang='lat' dir='ltr'>in</span> <span class='ocrx_word' id='word_1_105' title='bbox 1150 1001 1333 1039; x_wconf 67' lang='lat' dir='ltr'>TraCtatu</span> <span class='ocrx_word' id='word_1_106' title='bbox 1366 998 1605 1041; x_wconf 84' lang='lat' dir='ltr'>Germanico</span> <span class='ocrx_word' id='word_1_107' title='bbox 1638 1004 1687 1044; x_wconf 86' lang='lat' dir='ltr'>de</span> <span class='ocrx_word' id='word_1_108' title='bbox 1723 1005 1789 1046; x_wconf 76' lang='lat' dir='ltr'>vfil</span> 
     </span>
     <span class='ocr_line' id='line_1_16' title="bbox 501 1062 1789 1120; baseline 0.005 -18"><span class='ocrx_word' id='word_1_109' title='bbox 501 1065 668 1116; x_wconf 83' lang='lat' dir='ltr'>partium</span> <span class='ocrx_word' id='word_1_110' title='bbox 701 1077 770 1117; x_wconf 79' lang='lat' dir='ltr'>per</span> <span class='ocrx_word' id='word_1_111' title='bbox 801 1064 1089 1104; x_wconf 83' lang='lat' dir='ltr'>obseruationes</span> <span class='ocrx_word' id='word_1_112' title='bbox 1120 1073 1159 1103; x_wconf 91' lang='lat' dir='ltr'>et</span> <span class='ocrx_word' id='word_1_113' title='bbox 1190 1062 1461 1115; x_wconf 81' lang='lat' dir='ltr'>experimenta</span> <span class='ocrx_word' id='word_1_114' title='bbox 1496 1065 1536 1103; x_wconf 86' lang='lat' dir='ltr'>in</span> <span class='ocrx_word' id='word_1_115' title='bbox 1570 1066 1676 1107; x_wconf 73' lang='lat' dir='ltr'>Vsum</span> <span class='ocrx_word' id='word_1_116' title='bbox 1697 1080 1789 1120; x_wconf 79' lang='lat' dir='ltr'>par-</span> 
     </span>
     <span class='ocr_line' id='line_1_17' title="bbox 496 1126 1791 1183; baseline 0.005 -19"><span class='ocrx_word' id='word_1_117' title='bbox 496 1126 623 1177; x_wconf 85' lang='lat' dir='ltr'>-tium,</span> <span class='ocrx_word' id='word_1_118' title='bbox 674 1140 769 1180; x_wconf 77' lang='lat' dir='ltr'>quae</span> <span class='ocrx_word' id='word_1_119' title='bbox 820 1128 902 1168; x_wconf 93' lang='lat' dir='ltr'>sunt</span> <span class='ocrx_word' id='word_1_120' title='bbox 952 1127 1113 1180; x_wconf 82' lang='lat' dir='ltr'>plantis,</span> <span class='ocrx_word' id='word_1_121' title='bbox 1164 1126 1372 1177; x_wconf 79' lang='lat' dir='ltr'>accuratius</span> <span class='ocrx_word' id='word_1_122' title='bbox 1423 1126 1615 1179; x_wconf 86' lang='lat' dir='ltr'>inquirere</span> <span class='ocrx_word' id='word_1_123' title='bbox 1662 1130 1791 1183; x_wconf 57' lang='lat' dir='ltr'>coepi,</span> 
     </span>
     <span class='ocr_line' id='line_1_18' title="bbox 502 1189 1791 1244; baseline 0.003 -15"><span class='ocrx_word' id='word_1_124' title='bbox 502 1189 702 1244; x_wconf 80' lang='lat' dir='ltr'>Quantum</span> <span class='ocrx_word' id='word_1_125' title='bbox 737 1191 776 1229; x_wconf 85' lang='lat' dir='ltr'>in</span> <span class='ocrx_word' id='word_1_126' title='bbox 812 1190 884 1231; x_wconf 81' lang='lat' dir='ltr'>hac</span> <span class='ocrx_word' id='word_1_127' title='bbox 918 1190 1070 1230; x_wconf 77' lang='lat' dir='ltr'>theoria</span> <span class='ocrx_word' id='word_1_128' title='bbox 1104 1189 1360 1242; x_wconf 60' lang='lat' dir='ltr'>profecerim,</span> <span class='ocrx_word' id='word_1_129' title='bbox 1403 1189 1571 1228; x_wconf 84' lang='lat' dir='ltr'>aliorum</span> <span class='ocrx_word' id='word_1_130' title='bbox 1615 1192 1690 1231; x_wconf 89' lang='lat' dir='ltr'>erit</span> <span class='ocrx_word' id='word_1_131' title='bbox 1728 1194 1791 1233; x_wconf 82' lang='lat' dir='ltr'>iu-</span> 
     </span>
     <span class='ocr_line' id='line_1_19' title="bbox 500 1250 1791 1308; baseline 0.004 -17"><span class='ocrx_word' id='word_1_132' title='bbox 500 1253 673 1303; x_wconf 89' lang='lat' dir='ltr'>dicium,</span> <span class='ocrx_word' id='word_1_133' title='bbox 706 1254 859 1306; x_wconf 88' lang='lat' dir='ltr'>quando</span> <span class='ocrx_word' id='word_1_134' title='bbox 892 1253 1054 1293; x_wconf 84' lang='lat' dir='ltr'>eandem</span> <span class='ocrx_word' id='word_1_135' title='bbox 1090 1252 1234 1305; x_wconf 90' lang='lat' dir='ltr'>publici</span> <span class='ocrx_word' id='word_1_136' title='bbox 1254 1252 1346 1292; x_wconf 84' lang='lat' dir='ltr'>iuris</span> <span class='ocrx_word' id='word_1_137' title='bbox 1365 1250 1542 1292; x_wconf 66' lang='lat' dir='ltr'>facturus.</span> <span class='ocrx_word' id='word_1_138' title='bbox 1607 1252 1654 1293; x_wconf 95' lang='lat' dir='ltr'>In</span> <span class='ocrx_word' id='word_1_139' title='bbox 1673 1268 1791 1308; x_wconf 83' lang='lat' dir='ltr'>prae-</span> 
     </span>
     <span class='ocr_line' id='line_1_20' title="bbox 500 1313 1792 1369; baseline 0.003 -15"><span class='ocrx_word' id='word_1_140' title='bbox 500 1313 603 1355; x_wconf 87' lang='lat' dir='ltr'>sente</span> <span class='ocrx_word' id='word_1_141' title='bbox 635 1317 805 1369; x_wconf 86' lang='lat' dir='ltr'>experiri</span> <span class='ocrx_word' id='word_1_142' title='bbox 836 1315 968 1367; x_wconf 84' lang='lat' dir='ltr'>lubet,</span> <span class='ocrx_word' id='word_1_143' title='bbox 1002 1315 1093 1368; x_wconf 86' lang='lat' dir='ltr'>quid</span> <span class='ocrx_word' id='word_1_144' title='bbox 1126 1314 1254 1354; x_wconf 83' lang='lat' dir='ltr'>valeat</span> <span class='ocrx_word' id='word_1_145' title='bbox 1286 1315 1325 1353; x_wconf 84' lang='lat' dir='ltr'>in</span> <span class='ocrx_word' id='word_1_146' title='bbox 1357 1315 1546 1355; x_wconf 81' lang='lat' dir='ltr'>reddenda</span> <span class='ocrx_word' id='word_1_147' title='bbox 1564 1317 1711 1357; x_wconf 79' lang='lat' dir='ltr'>ratione</span> <span class='ocrx_word' id='word_1_148' title='bbox 1730 1316 1792 1358; x_wconf 84' lang='lat' dir='ltr'>ef-</span> 
     </span>
     <span class='ocr_line' id='line_1_21' title="bbox 499 1377 1791 1422; baseline 0.004 -5"><span class='ocrx_word' id='word_1_149' title='bbox 499 1377 623 1418; x_wconf 70' lang='lat' dir='ltr'>festus</span> <span class='ocrx_word' id='word_1_150' title='bbox 655 1389 810 1419; x_wconf 84' lang='lat' dir='ltr'>naturae</span> <span class='ocrx_word' id='word_1_151' title='bbox 843 1378 1001 1418; x_wconf 87' lang='lat' dir='ltr'>insoliti.</span> <span class='ocrx_word' id='word_1_152' title='bbox 1070 1377 1188 1418; x_wconf 87' lang='lat' dir='ltr'>Ni-hil</span> <span class='ocrx_word' id='word_1_153' title='bbox 1231 1386 1363 1417; x_wconf 71' lang='lat' dir='ltr'>tamen</span> <span class='ocrx_word' id='word_1_154' title='bbox 1403 1377 1548 1419; x_wconf 83' lang='lat' dir='ltr'>sumam</span> <span class='ocrx_word' id='word_1_155' title='bbox 1591 1380 1637 1420; x_wconf 77' lang='lat' dir='ltr'>ad</span> <span class='ocrx_word' id='word_1_156' title='bbox 1679 1380 1791 1422; x_wconf 83' lang='lat' dir='ltr'>illam</span> 
     </span>
     <span class='ocr_line' id='line_1_22' title="bbox 500 1440 1791 1497; baseline 0.004 -17"><span class='ocrx_word' id='word_1_157' title='bbox 500 1440 690 1494; x_wconf 56' lang='lat' dir='ltr'>spectans,</span> <span class='ocrx_word' id='word_1_158' title='bbox 725 1442 791 1482; x_wconf 87' lang='lat' dir='ltr'>nisi</span> <span class='ocrx_word' id='word_1_159' title='bbox 826 1442 930 1495; x_wconf 88' lang='lat' dir='ltr'>quod</span> <span class='ocrx_word' id='word_1_160' title='bbox 971 1440 1034 1482; x_wconf 85' lang='lat' dir='ltr'>vel</span> <span class='ocrx_word' id='word_1_161' title='bbox 1072 1440 1366 1494; x_wconf 72' lang='lat' dir='ltr'>obseruatione,</span> <span class='ocrx_word' id='word_1_162' title='bbox 1407 1442 1474 1482; x_wconf 88' lang='lat' dir='ltr'>vel</span> <span class='ocrx_word' id='word_1_163' title='bbox 1514 1443 1791 1497; x_wconf 86' lang='lat' dir='ltr'>experimento</span> 
     </span>
     <span class='ocr_line' id='line_1_23' title="bbox 500 1504 1029 1559; baseline 0 -14"><span class='ocrx_word' id='word_1_164' title='bbox 500 1505 669 1557; x_wconf 81' lang='lat' dir='ltr'>quodam</span> <span class='ocrx_word' id='word_1_165' title='bbox 702 1504 1029 1559; x_wconf 81' lang='lat' dir='ltr'>comprobauero.</span> 
     </span>
    </p>
   </div>
   <div class='ocr_carea' id='block_1_3' title="bbox 501 1630 1794 2065">
    <p class='ocr_par' dir='ltr' id='par_1_3' title="bbox 501 1630 1794 2065">
     <span class='ocr_line' id='line_1_24' title="bbox 619 1630 1791 1688; baseline 0.003 -16"><span class='ocrx_word' id='word_1_166' title='bbox 619 1630 790 1673; x_wconf 55' lang='lat' dir='ltr'>Effectus</span> <span class='ocrx_word' id='word_1_167' title='bbox 822 1631 889 1671; x_wconf 87' lang='lat' dir='ltr'>ille</span> <span class='ocrx_word' id='word_1_168' title='bbox 921 1640 1078 1672; x_wconf 80' lang='lat' dir='ltr'>naturae</span> <span class='ocrx_word' id='word_1_169' title='bbox 1111 1630 1283 1672; x_wconf 82' lang='lat' dir='ltr'>insolitus</span> <span class='ocrx_word' id='word_1_170' title='bbox 1335 1645 1500 1686; x_wconf 89' lang='lat' dir='ltr'>pomum</span> <span class='ocrx_word' id='word_1_171' title='bbox 1553 1632 1634 1685; x_wconf 90' lang='lat' dir='ltr'>est,</span> <span class='ocrx_word' id='word_1_172' title='bbox 1682 1635 1791 1688; x_wconf 84' lang='lat' dir='ltr'>quod</span> 
     </span>
     <span class='ocr_line' id='line_1_25' title="bbox 501 1690 1792 1749; baseline 0.005 -15"><span class='ocrx_word' id='word_1_173' title='bbox 501 1705 555 1733; x_wconf 83' lang='lat' dir='ltr'>ex</span> <span class='ocrx_word' id='word_1_174' title='bbox 588 1703 721 1735; x_wconf 89' lang='lat' dir='ltr'>trunco</span> <span class='ocrx_word' id='word_1_175' title='bbox 753 1694 901 1735; x_wconf 77' lang='lat' dir='ltr'>arboris</span> <span class='ocrx_word' id='word_1_176' title='bbox 933 1705 1090 1735; x_wconf 87' lang='lat' dir='ltr'>enatum</span> <span class='ocrx_word' id='word_1_177' title='bbox 1124 1704 1276 1748; x_wconf 81' lang='lat' dir='ltr'>praeter</span> <span class='ocrx_word' id='word_1_178' title='bbox 1307 1707 1470 1737; x_wconf 88' lang='lat' dir='ltr'>omnem</span> <span class='ocrx_word' id='word_1_179' title='bbox 1503 1695 1610 1749; x_wconf 87' lang='lat' dir='ltr'>spem</span> <span class='ocrx_word' id='word_1_180' title='bbox 1643 1708 1688 1736; x_wconf 81' lang='lat' dir='ltr'>ac</span> <span class='ocrx_word' id='word_1_181' title='bbox 1717 1690 1792 1740; x_wconf 64' lang='lat' dir='ltr'>ex-</span> 
     </span>
     <span class='ocr_line' id='line_1_26' title="bbox 503 1756 1793 1811; baseline 0.004 -15"><span class='ocrx_word' id='word_1_182' title='bbox 503 1756 770 1810; x_wconf 72' lang='lat' dir='ltr'>peetationem</span> <span class='ocrx_word' id='word_1_183' title='bbox 805 1757 1085 1811; x_wconf 83' lang='lat' dir='ltr'>deprehensum</span> <span class='ocrx_word' id='word_1_184' title='bbox 1120 1758 1173 1798; x_wconf 89' lang='lat' dir='ltr'>est</span> <span class='ocrx_word' id='word_1_185' title='bbox 1213 1759 1252 1798; x_wconf 92' lang='lat' dir='ltr'>in</span> <span class='ocrx_word' id='word_1_186' title='bbox 1293 1757 1413 1798; x_wconf 89' lang='lat' dir='ltr'>horto</span> <span class='ocrx_word' id='word_1_187' title='bbox 1457 1758 1543 1799; x_wconf 89' lang='lat' dir='ltr'>Viri</span> <span class='ocrx_word' id='word_1_188' title='bbox 1593 1759 1793 1803; x_wconf 82' lang='lat' dir='ltr'>cuiusdam</span> 
     </span>
     <span class='ocr_line' id='line_1_27' title="bbox 504 1818 1792 1876; baseline 0.007 -19"><span class='ocrx_word' id='word_1_189' title='bbox 504 1818 671 1872; x_wconf 75' lang='lat' dir='ltr'>nobilis&#39;,</span> <span class='ocrx_word' id='word_1_190' title='bbox 710 1833 794 1861; x_wconf 91' lang='lat' dir='ltr'>cum</span> <span class='ocrx_word' id='word_1_191' title='bbox 827 1831 1017 1861; x_wconf 87' lang='lat' dir='ltr'>autumno</span> <span class='ocrx_word' id='word_1_192' title='bbox 1060 1822 1109 1862; x_wconf 84' lang='lat' dir='ltr'>A.</span> <span class='ocrx_word' id='word_1_193' title='bbox 1149 1830 1278 1872; x_wconf 84' lang='lat'><strong>1733.</strong></span> <span class='ocrx_word' id='word_1_194' title='bbox 1323 1833 1443 1876; x_wconf 84' lang='lat' dir='ltr'>poma</span> <span class='ocrx_word' id='word_1_195' title='bbox 1484 1822 1792 1876; x_wconf 85' lang='lat' dir='ltr'>decerperentur.</span> 
     </span>
     <span class='ocr_line' id='line_1_28' title="bbox 503 1880 1792 1938; baseline 0.006 -18"><span class='ocrx_word' id='word_1_196' title='bbox 503 1880 672 1922; x_wconf 86' lang='lat' dir='ltr'>Inferior</span> <span class='ocrx_word' id='word_1_197' title='bbox 705 1884 873 1937; x_wconf 86' lang='lat' dir='ltr'>pediculi</span> <span class='ocrx_word' id='word_1_198' title='bbox 905 1897 1016 1937; x_wconf 83' lang='lat' dir='ltr'>pars,</span> <span class='ocrx_word' id='word_1_199' title='bbox 1056 1897 1128 1938; x_wconf 86' lang='lat' dir='ltr'>qua</span> <span class='ocrx_word' id='word_1_200' title='bbox 1172 1894 1311 1925; x_wconf 91' lang='lat' dir='ltr'>trunco</span> <span class='ocrx_word' id='word_1_201' title='bbox 1352 1883 1601 1937; x_wconf 54' lang='lat' dir='ltr'>infigebant,</span> <span class='ocrx_word' id='word_1_202' title='bbox 1643 1888 1792 1928; x_wconf 80' lang='lat' dir='ltr'>cortice</span> 
     </span>
     <span class='ocr_line' id='line_1_29' title="bbox 504 1944 1792 2002; baseline 0.003 -17"><span class='ocrx_word' id='word_1_203' title='bbox 504 1944 690 1996; x_wconf 63' lang='lat' dir='ltr'>obducta,</span> <span class='ocrx_word' id='word_1_204' title='bbox 710 1946 771 1987; x_wconf 88' lang='lat' dir='ltr'>sed</span> <span class='ocrx_word' id='word_1_205' title='bbox 789 1948 901 1988; x_wconf 88' lang='lat' dir='ltr'>omni</span> <span class='ocrx_word' id='word_1_206' title='bbox 920 1947 1106 1988; x_wconf 88' lang='lat' dir='ltr'>foliorum</span> <span class='ocrx_word' id='word_1_207' title='bbox 1127 1957 1266 1988; x_wconf 90' lang='lat' dir='ltr'>ornatu</span> <span class='ocrx_word' id='word_1_208' title='bbox 1284 1948 1457 1988; x_wconf 83' lang='lat' dir='ltr'>destituta</span> <span class='ocrx_word' id='word_1_209' title='bbox 1476 1947 1792 2002; x_wconf 82' lang='lat' dir='ltr'>conspiciebatur.</span> 
     </span>
     <span class='ocr_line' id='line_1_30' title="bbox 506 2006 1794 2065; baseline 0.002 -15"><span class='ocrx_word' id='word_1_210' title='bbox 506 2006 662 2050; x_wconf 87' lang='lat' dir='ltr'>Malum</span> <span class='ocrx_word' id='word_1_211' title='bbox 681 2008 806 2064; x_wconf 89' lang='lat' dir='ltr'>ipsum</span> <span class='ocrx_word' id='word_1_212' title='bbox 826 2019 907 2051; x_wconf 83' lang='lat' dir='ltr'>erat</span> <span class='ocrx_word' id='word_1_213' title='bbox 937 2019 1155 2065; x_wconf 84' lang='lat' dir='ltr'>maturum,</span> <span class='ocrx_word' id='word_1_214' title='bbox 1186 2023 1260 2052; x_wconf 90' lang='lat' dir='ltr'>nec</span> <span class='ocrx_word' id='word_1_215' title='bbox 1292 2011 1333 2051; x_wconf 91' lang='lat' dir='ltr'>in</span> <span class='ocrx_word' id='word_1_216' title='bbox 1366 2011 1487 2065; x_wconf 84' lang='lat' dir='ltr'>figura</span> <span class='ocrx_word' id='word_1_217' title='bbox 1519 2012 1599 2052; x_wconf 84' lang='lat' dir='ltr'>eius</span> <span class='ocrx_word' id='word_1_218' title='bbox 1632 2021 1794 2053; x_wconf 79' lang='lat' dir='ltr'>externa</span> 
     </span>
    </p>
   </div>
   <div class='ocr_carea' id='block_1_4' title="bbox 1675 2074 1787 2128">
    <p class='ocr_par' dir='ltr' id='par_1_4' title="bbox 1675 2074 1787 2128">
     <span class='ocr_line' id='line_1_31' title="bbox 1675 2074 1787 2128; baseline 0 -13"><span class='ocrx_word' id='word_1_219' title='bbox 1675 2074 1787 2128; x_wconf 84' lang='lat' dir='ltr'>quic-</span> 
     </span>
    </p>
   </div>
  </div>
 </body>
</html>
