1941 2674
206 32 293 76 DE·
318 28 810 75 CONSTRVCTIONE
845 31 1216 93 AEQMTIONV
1216 33 1285 75 M.
1354 40 1415 85 67

129 148 303 205 scriptae.
369 150 427 190 At
456 148 485 191 si
520 162 660 205 corpus
689 149 770 191 iam
801 147 942 190 habeat
975 159 1159 202 motum,
1199 149 1279 191 eius
1310 151 1419 192 dire-

129 213 214 254 stio
248 227 270 254 a
305 214 515 254 direffione
546 213 604 254 fili
636 213 880 267 discrepabit.
944 212 1077 269 Quare
1095 226 1175 267 quo
1204 223 1337 255 motus
1355 215 1417 255 di-

130 277 255 316 reecio
292 286 477 330 perpetuo
511 277 550 315 in
590 276 826 330 positionem
865 275 921 317 fili
959 276 1126 327 incidat,
1172 286 1334 330 oportet
1368 286 1413 318 vt

133 351 263 378 motus
296 339 452 388 corpori
485 338 565 376 ium
602 337 802 390 impressus
834 339 969 390 quouis
1011 349 1221 378 momento
1262 350 1410 392 pereat.

132 402 195 441 Ad
218 401 291 440 hoc
321 412 413 452 ergo
445 398 701 440 obtinendum
733 401 949 453 requiritur,
984 409 1027 439 vt
1068 400 1164 440 haec
1207 402 1416 455 descriptio

133 463 353 517 perficiatur
394 460 501 514 super
543 463 660 514 plano
701 461 937 501 horizontali
970 471 1009 500 et
1041 461 1126 501 fiitis
1158 462 1318 518 aspero,
1361 464 1416 505 il-

132 527 194 567 lud
229 526 406 580 quidem,
440 535 487 562 ne
521 525 578 563 vis
596 524 794 576 grauitatis
813 523 1067 563 diret-tionem
1090 525 1294 578 immutet,
1336 527 1415 568 hoc

132 602 226 628 vero
268 598 310 627 vt
351 586 526 625 frictione
569 587 699 626 omnis
739 596 868 627 motus
908 588 986 625 inm
1027 588 1223 640 acquisitus
1263 599 1412 641 pereat..

131 652 326 692 Praeterea
358 649 464 691 silum
501 648 708 689 tardissime
742 648 915 703 protrahi
957 650 1095 701 debet,
1135 663 1211 704 quo
1253 651 1413 692 effeetus

128 713 313 754 frictionis
344 712 386 752 sit
417 723 466 751 eo
494 712 651 764 maior,
684 722 723 753 et
756 724 899 766 corpus
932 712 1031 753 nihil
1063 713 1111 753 de
1139 714 1298 767 pristino
1318 727 1414 756 mo-

126 786 169 816 tu
202 775 380 817 retineat.

238 839 267 886 §.
307 850 349 886 3.
384 835 425 877 Si
454 837 575 889 ⁴igitur
609 835 686 877 hoc
718 840 842 878 modo
874 850 989 877 curua
1010 838 1192 880 tradtoria
1217 840 1317 884 AM
1338 842 1413 882 de⁴

120 898 324 950 scribatur,
355 912 398 940 ca
429 899 527 939 hanc
560 899 718 940 habebit
751 902 1058 953 proprietatem,
1102 913 1147 941 vt
1179 915 1231 944 ex
1270 906 1412 958 quouis

118 963 266 1016 punito
297 963 344 1003 M
376 963 488 1008 dueta
524 972 682 1015 tangens
714 963 815 1004 MN
850 975 966 1016 Vsque
997 964 1045 1004 ad
1078 966 1208 1005 datam
1246 979 1409 1009 curnam

118 1023 208 1070 BN
241 1026 284 1066 fit
324 1027 435 1066 datae
478 1026 766 1078 magnitudinis.
833 1026 900 1067 Ex
938 1039 1014 1079 quo
1054 1027 1244 1080 perfacilis
1283 1031 1409 1071 oritur

118 1089 262 1130 modus
293 1101 346 1132 ex
376 1089 463 1130 data
496 1101 610 1128 curua
645 1089 824 1133 motoria
857 1089 954 1129 AM
991 1090 1213 1130 inueniendi
1245 1104 1409 1134 curuam

118 1150 195 1192 BN
216 1153 322 1192 cuius
342 1152 406 1191 illa
426 1152 479 1191 est
497 1151 676 1191 traCtoria
696 1164 766 1205 pro
785 1153 871 1191 data
891 1151 950 1191 fili
969 1152 1223 1205 longitndine.
1268 1154 1325 1194 At
1352 1167 1406 1197 ex

113 1215 203 1256 data
222 1228 332 1255 curua
354 1215 381 1254 P
395 1214 435 1255 N
454 1215 754 1254 innumerabiles
772 1215 865 1254 oriri
889 1213 1040 1268 potsunt
1060 1215 1409 1270 trastoriaelongi-

115 1278 251 1317 tudine
271 1277 330 1318 fili
350 1279 573 1327 immutata,
587 1288 702 1329 prout
722 1279 835 1316 initio
855 1277 998 1329 positio
1018 1277 1073 1316 sili
1091 1276 1165 1318 BA
1176 1279 1223 1319 ad
1242 1293 1403 1322 curnam

120 1337 208 1380 BN
245 1340 354 1380 flierit
394 1341 589 1379 inclinata.
657 1341 796 1391 Longe
837 1351 964 1379 :iurem
1005 1339 1202 1381 difficilius
1244 1342 1299 1383 est
1337 1356 1407 1397 per

119 1403 309 1446 calculum
342 1415 393 1442 ex
426 1403 512 1442 data
547 1415 659 1441 curua
695 1400 778 1442 BN
822 1402 996 1442 inuenire
1037 1404 1266 1445 tractoriam
1304 1405 1403 1448 AM

118 1478 235 1519 quam
269 1477 319 1504 cx
355 1466 533 1504 trifonia
569 1464 664 1505 AM
699 1465 784 1504 data
816 1477 972 1504 curuum
1007 1463 1107 1505 BN.

235 1530 268 1577 §.
304 1543 346 1577 4.
392 1528 601 1568 Obseruaui
646 1539 775 1566 autem
822 1528 1105 1580 geometricam
1146 1530 1407 1571 construetio-

117 1603 212 1631 nem
247 1591 452 1631 trad‘roriae
485 1589 580 1630 AM
616 1590 765 1642 semper
784 1590 948 1643 pendere
966 1603 987 1630 a
1009 1590 1241 1632 resolutione
1263 1606 1415 1647 aequa-⁷

116 1654 238 1694 tionis
256 1655 410 1700 ds-{-s
420 1667 439 1694 s
448 1649 697 1704 dzdez‚
716 1653 926 1693 denotante
945 1650 983 1694 Z
1003 1652 1244 1695 functionem
1264 1668 1407 1708 quam-

119 1728 270 1770 cunque
300 1716 412 1770 ipsius
444 1729 482 1757 z.
551 1716 680 1773 Quare
712 1728 802 1756 cum
836 1714 933 1756 haec
972 1717 1151 1770 aequatio
1190 1719 1405 1762 construetu

119 1779 163 1820 sit
196 1779 309 1820 valde
341 1778 533 1829 difficilis,
569 1779 712 1832 quippe
743 1779 871 1819 multo
904 1779 1122 1832 generalior
1152 1793 1265 1833 quam
1308 1781 1407 1824 haec

119 1842 594 1892 ds-i—ssdzzzmdz‚
630 1853 727 1894 quae
759 1855 780 1882 a
813 1842 915 1884 Com.
939 1843 1088 1884 Riccati
1106 1844 1302 1896 quondam
1322 1854 1405 1887 erat

117 1906 339 1960 proposita,
369 1906 450 1946 eius
479 1904 715 1945 constructio
749 1917 827 1959 ope
858 1905 1033 1946 trastorii
1065 1915 1197 1947 motus
1214 1909 1407 1950 attentio-

116 1981 210 2012 uem
242 1977 431 2011 meretur.
492 1968 605 2026 Quae
636 1967 868 2011 constructio
905 1981 1000 2011 cum
1030 1969 1074 2012 sit
1103 1978 1302 2026 praeterea
1334 1972 1407 2014 ad-

683 2028 705 2072 1
738 2043 765 2071 2
1236 2034 1403 2078 modum
