1941 2674
339 1152 439 1189 Figum
466 1158 491 1178 2.

502 89 589 125 226
839 79 923 123 DE
954 78 1174 123 FIGVRA
1209 77 1450 122 TERRAE.

502 212 588 243 nata
621 199 697 250 est,
730 197 986 250 negligantur.
1052 194 1220 237 Suadent
1256 208 1353 235 vero
1385 195 1554 236 rationes
1595 192 1794 245 Physicae,

504 276 544 304 et
576 277 595 303 a
628 265 806 304 Nezctono
842 261 966 300 Princ.
988 260 1077 300 Lib.
1099 258 1174 298 III.
1200 260 1316 310 Prop.
1354 263 1421 298 IS.
1457 258 1558 311 quasi
1593 258 1796 297 Axioma-

504 329 552 366 tis
586 327 677 365 loco
709 322 930 373 assumitur,
965 323 1129 362 Terram
1160 321 1473 372 perfectissimam
1514 323 1795 360 rotunditatem

503 390 727 430 habituram
766 387 872 436 fore,
905 387 930 426 fi
962 396 1075 426 motu
1107 384 1318 436 Vei·tigini>
1348 385 1591 434 destituatur,
1631 380 1798 423 cts2mul

505 453 606 492 olim
654 463 735 490 tota
777 450 892 489 fluida
946 448 1085 488 fuisset.
1157 448 1353 487 Ponamus
1408 449 1513 487 enim
1560 449 1654 486 haec
1701 457 1797 485 tria:

510 529 550 555 1.
587 515 753 553 Terram
790 522 904 552 motu
941 511 1158 564 Vertiginis
1195 511 1369 561 destitui,
1425 523 1464 550 2.
1500 507 1573 549 effe
1613 510 1797 559 fluidam,

505 588 545 618 et
565 578 703 629 vbique
727 576 1048 628 homogeneam3
1083 585 1121 613 et
1160 588 1201 624 3.
1235 576 1363 626 grauia
1392 575 1528 613 omnia
1566 574 1637 613 niti
1671 577 1800 612 verius

506 641 706 681 interioria
725 640 832 692 globi
851 639 1058 691 ter1⁴estri53
1087 651 1252 690 quorum
1275 638 1368 677 illud
1384 668 1394 687 ‚
1425 639 1580 676 nemine
1601 635 1804 676 contradi-

507 712 643 755 cente,
678 703 837 755 supponi
858 702 1011 754 potest3
1051 701 1144 741 istud
1166 700 1326 752 sufficit,
1361 701 1386 741 s1
1406 701 1526 739 Terra
1556 700 1654 740 olim
1684 698 1803 739 fluida

506 767 632 817 fuerit,
652 776 731 815 aut,
752 765 777 805 si
798 777 876 803 non
897 764 1008 817 plane
1027 764 1142 804 fluida
1163 763 1353 815 fuerit,ex
1373 765 1535 803 materia
1558 762 1806 802 vniformiter

511 830 627 870 molli
646 828 873 878 constiterit,
895 828 959 866 vel
979 828 1096 866 etiam
1118 827 1204 867 talis
1223 827 1282 877 sit,
1302 838 1345 866 vt
1364 827 1545 879 figuram,
1565 838 1679 879 quam
1701 835 1804 864 nunc

510 892 654 942 habet,
690 892 913 931 conseruare
952 888 1101 942 posset,
1140 890 1164 930 si
1200 892 1319 930 etiam
1363 903 1463 929 nunc
1499 890 1615 929 fluida
1663 888 1801 941 fieret·,

511 956 587 995 hoc
623 967 718 993 vero
755 950 964 992 neceffario
1001 954 1053 992 ita
1099 952 1132 991 se
1179 951 1320 992 habere
1364 953 1505 1003 debet,
1560 952 1626 993 nisi
1672 960 1804 1004 partes

511 1018 658 1057 Terrae
696 1017 768 1056 sint
807 1016 1103 1068 dispergendae:
1141 1014 1315 1067 sequetur
1357 1028 1407 1055 ex
1445 1014 1529 1066 his,
1567 1015 1671 1068 quod
1699 1013 1806 1053 dire-

512 1081 591 1121 e'tio
629 1080 805 1130 grauium
852 1079 1035 1118 omnium
1083 1078 1123 1117 in
1167 1079 1313 1117 Terrae
1353 1078 1546 1131 superficie
1590 1077 1806 1131 positorum

513 1144 649 1184 debeat
681 1140 755 1181 effe
794 1142 1115 1194 perpendicularis
1152 1142 1198 1181 ad
1237 1141 1336 1181 hanc
1374 1141 1627 1195 superficiem.
1695 1139 1806 1181 Nam

514 1208 557 1248 fit
592 1206 738 1245 Terrae
775 1204 985 1256 superficies
1022 1204 1123 1255 PE,
1162 1215 1275 1257 atque
1310 1205 1349 1243 in
1387 1217 1431 1244 ea
1470 1204 1651 1257 particula
1685 1203 1810 1256 grauis

514 1281 757 1323 quaecunque
789 1267 856 1317 D,
896 1280 992 1319 quae
1029 1267 1167 1307 habeat
1213 1267 1336 1307 nisum
1381 1268 1579 1320 grauitatis
1627 1267 1711 1307 suae
1763 1267 1805 1305 in

514 1332 729 1373 direstione
764 1330 845 1370 D&
881 1331 927 1371 ad
963 1330 1202 1383 superficiem
1233 1331 1307 1371 PE
1345 1344 1422 1371 non
1461 1330 1653 1371 normali:
1688 1328 1807 1369 resol-

515 1405 626 1435 uatur
669 1393 733 1433 liic
776 1394 873 1434 nisus
917 1393 997 1434 D&
1042 1395 1082 1433 in
1128 1395 1224 1434 duos
1264 1394 1460 1444 laterales,
1503 1392 1806 1446 Tangentialem

517 1470 660 1510 nempe
697 1456 795 1508 Da,
831 1467 869 1496 et
907 1457 1146 1497 Normalem
1186 1457 1307 1513 D‘y;
1344 1458 1449 1497 idem
1487 1470 1583 1510 ergo
1609 1467 1698 1496 tuuc
1718 1456 1807 1507 erit,

517 1534 561 1561 ac
598 1522 623 1561 si
659 1521 840 1574 particula
878 1519 920 1561 D
962 1520 1178 1561 traheretur
1213 1535 1233 1562 a
1272 1523 1456 1574 potentiis
1498 1520 1579 1561 Dot
1614 1530 1652 1559 et
1697 1518 1809 1574 Dry.

519 1582 619 1624 Cum
658 1596 755 1623 vero
793 1585 1000 1626 direftioni
1038 1585 1262 1636 tangentiali
1290 1584 1369 1624 Dc<
1396 1584 1495 1624 nihil
1523 1583 1684 1634 resistat,
1719 1583 1834 1635 quia.

522 1656 604 1686 tota
624 1657 733 1686 extra
754 1646 990 1699 superficiem
1012 1648 1087 1687 PE
1107 1649 1225 1687 cadit:
1263 1647 1476 1701 sequeretur
1490 1679 1500 1699 ,
1521 1646 1747 1701 particulam
1767 1645 1811 1687 D

521 1709 645 1749 versus
681 1722 767 1749 eam
805 1710 1062 1750 directionem
1104 1711 1259 1752 moueri
1296 1711 1459 1762 debere,
1507 1721 1546 1751 et
1590 1710 1753 1763 separari
1789 1723 1813 1750 a

523 1772 670 1812 Terrae
706 1784 897 1825 corpore,
935 1774 1039 1825 quod
1076 1785 1210 1814 contra
1247 1774 1487 1815 manifestam
1525 1772 1816 1826 experientiam<

525 1835 589 1874 est.
656 1833 783 1875 Ceffat
819 1848 914 1874 vero
952 1836 1026 1877 hoc
1065 1837 1394 1888 incommodum,
1434 1839 1460 1878 fi
1496 1837 1663 1877 direstio
1691 1836 1816 1889 parti-

526 1897 631 1937 culae
668 1899 794 1949 grauis
830 1897 871 1938 D
910 1900 1087 1939 statuatur
1127 1901 1449 1953 perpendicularis
1485 1901 1532 1940 ad
1570 1901 1715 1940 Terrae
1752 1898 1815 1940 su-

524 1960 747 2013 perficiem,
785 1963 871 2015 quia
904 1972 990 2002 tnnc
1025 1964 1231 2016 particulae
1260 1966 1410 2004 vicinae
1442 1967 1480 2004 xi
1509 1961 1843 2016 tangentialirer

527 2023 666 2065 sistunt.
731 2025 868 2067 Aliam
899 2027 1270 2069 demonstrationem
1305 2027 1417 2069 huius
1447 2027 1692 2082 proprietatis
1728 2038 1819 2078 gra-

1707 2101 1816 2131 ulum
