1941 2674
354 517 451 551 Figura
474 522 502 542 2.

370 557 426 587 Lit.
449 565 471 584 a.

352 757 453 791 Figura
476 763 502 782 2.

378 798 427 826 Lit
458 796 482 823 b.

349 863 450 900 Figura
475 873 486 892 ι

519 105 606 143 194
683 90 761 131 DE
794 88 1040 131 FlcVBVS
1079 89 1115 130 E
1146 88 1381 131 TRVNco
1427 84 1661 132 ENATIS;

514 207 672 262 coepit,
705 207 933 259 tandemque
969 207 1118 258 prorsus
1137 206 1300 246 exaruit.
1368 204 1414 246 In
1447 206 1541 256 sinu,
1574 218 1689 259 quem
1709 205 1803 247 haec

516 284 555 312 et
588 273 660 311 alia
694 271 860 309 laterali>
893 268 1175 317 effiffmabant,
1211 281 1346 321 paruus
1365 269 1668 322 conspiciebatur
1689 281 1807 322 apex,

517 335 651 375 similis
690 333 791 382 illis,
823 345 919 384 quos
955 330 1068 371 huius
1099 332 1248 371 arboris
1291 334 1558 372 extremitates
1599 344 1807 373 ramorum

517 399 664 447 ferunt,
697 397 839 448 quique
872 393 973 433 nihil
991 395 1094 434 aliud
1114 394 1208 438 sunt,
1242 408 1358 446 quam
1379 394 1594 435 fiiturorum
1619 394 1808 434 foliorum

520 460 712 500 fluctuum
738 459 998 510 omniumque
1018 459 1184 511 partium
1204 458 1432 497 rudimenta.
1512 457 1557 497 In
1592 457 1814 511 pedunculo-

522 536 620 563 vero
651 522 745 562 ficus
778 522 846 561 has
878 529 1035 573 gerente
1068 532 1142 560 tres
1181 520 1377 560 cicatrices
1417 521 1650 574 apparebant
1695 520 1821 572 paulov

523 597 759 636 excauatae,
791 597 884 638 quae
919 595 967 622 an
1000 581 1186 623 foliorum
1224 584 1287 623 vel
1319 584 1480 623 aliarum
1517 583 1640 624 adhuc
1667 582 1812 623 ficuum

524 650 761 702 delapsarum
785 646 946 699 vestigia
966 645 1196 699 fuerint,pro
1217 656 1325 686 certo
1348 646 1540 687 affirmare
1560 658 1639 686 non
1658 647 1782 686 audeo
1799 659 1821 699 32

523 713 708 753 arborem
742 723 848 750 enim
883 711 1042 749 demum
1091 710 1196 756 vidi,
1246 710 1447 761 postquam
1486 710 1565 749 iam
1603 709 1813 749 obduratae

524 776 657 815 effent.
726 776 963 827 Amputatus
1004 785 1026 812 a
1074 774 1229 813 caudice
1272 772 1511 825 pedunculus
1550 784 1641 811 cum
1691 772 1818 825 aliqua

524 838 679 879 corticis
714 847 822 890 parte
853 836 1004 888 lignum
1038 848 1237 875 ramorum
1259 836 1399 874 eodem
1421 835 1541 874 modo
1572 832 1818 874 abscifforum

527 902 654 943 simile
688 900 830 939 habuit.
897 898 1009 938 Idem
1047 911 1115 950 per
1134 898 1298 950 longum
1320 897 1459 948 sectus,
1491 898 1679 950 lignoiam
1712 899 1817 937 suam

527 974 679 1018 partem
715 974 815 1002 mox
847 971 957 999 extra
991 961 1180 1000 corticem
1216 960 1384 999 caudicis
1416 960 1529 999 valde
1562 960 1829 1012 angustatam,

528 1029 567 1066 in
606 1025 822 1078 pedunculo
855 1035 953 1063 vero
985 1023 1126 1063 iterum
1163 1022 1403 1076 ampliorem
1447 1023 1663 1074 redditam,
1701 1023 1821 1063 exhi-

528 1090 624 1130 buit.

649 1182 811 1224 Causam
846 1182 956 1224 huius
987 1180 1190 1222 monstrofi
1222 1179 1367 1220 ficuum
1409 1188 1620 1233 prouentus
1659 1179 1828 1233 suspicor

533 1248 634 1288 hanc
669 1245 765 1286 effe:
803 1258 1006 1300 gemmam
1040 1256 1091 1284 ex
1122 1243 1215 1283 loco
1247 1244 1431 1294 caudicis,
1467 1244 1533 1283 vbi
1554 1256 1653 1282 nunc
1675 1246 1824 1296 pedun-

533 1311 639 1351 culus
682 1309 803 1349 tribus
844 1309 990 1350 ficubus
1029 1306 1183 1346 onustus
1232 1307 1464 1357 videbatur,
1534 1305 1823 1346 excrescentem

533 1373 618 1414 casu
653 1374 819 1426 quodam
853 1372 1084 1424 impeditam
1126 1369 1221 1420 effe,
1254 1382 1331 1423 quo
1374 1371 1503 1409 minus
1535 1369 1717 1409 omnibus
1755 1368 1827 1408 suis

536 1436 735 1491 partibus,
767 1436 954 1476 foliorum
987 1434 1130 1474 scilicet
1162 1444 1202 1471 ec
1234 1433 1545 1472 internodiorum
1580 1433 1836 1483 rudimentis,

493 1518 497 1519 ⁷
537 1502 825 1540 incrementum
859 1510 997 1551 capere
1031 1506 1070 1536 et
1102 1497 1142 1535 in
1174 1494 1341 1548 longum
1375 1495 1447 1534 sese
1490 1497 1708 1547 expandere
1751 1508 1831 1550 po-

539 1565 678 1615 tuerit,
715 1562 967 1603 crescentibus
1000 1559 1090 1599 solis
1131 1559 1208 1599 istis
1256 1559 1375 1599 tribus
1415 1558 1571 1599 ficubus.

629 1656 949 1698 Internodiorum
968 1655 1101 1697 surculi
1120 1654 1349 1694 infimorum
1369 1653 1586 1694 rudimenta
1605 1655 1645 1693 in
1667 1652 1829 1694 ficulnea

539 1732 702 1773 gemma
720 1720 835 1760 oculo
853 1722 957 1761 nudo
976 1719 1144 1772 conspici
1165 1718 1315 1771 possunt
1327 1748 1338 1768 ,
1365 1716 1393 1756 fi
1411 1718 1548 1770 vagina
1564 1748 1575 1764 ,
1594 1718 1692 1757 intra
1711 1728 1830 1769 quam

541 1783 724 1823 foliolum
743 1784 997 1824 conuolutum
1015 1782 1141 1823 adhuc
1161 1794 1254 1822 cum
1285 1780 1425 1820 fructus
1444 1781 1691 1829 rudimento,
1718 1779 1848 1830 huius,

543 1846 645 1886 alam
678 1858 912 1899 occupante,
946 1844 1156 1896 delitescit,
1188 1845 1235 1885 ab
1267 1844 1477 1883 internodii
1517 1843 1727 1896 geniculo,
1769 1842 1833 1882 cui

544 1907 747 1959 accrescit,
781 1909 979 1950 auellatur.
1046 1908 1204 1949 Foliolo
1236 1907 1309 1947 isto
1342 1916 1382 1946 et
1413 1905 1559 1946 futurae
1598 1906 1689 1947 ficus
1727 1906 1842 1955 rudi--¹

546 1981 682 2013 mento
725 1973 847 2012 indies
890 1972 1113 2022 crescente,
1145 1973 1284 2024 vagina
1326 1969 1396 2008 sese
1439 1970 1586 2023 aperit,
1620 1968 1834 2019 marcescit,

545 2035 648 2075 cadit
679 2043 718 2075 et
751 2036 932 2077 annulare
964 2034 1169 2088 vestigium
1200 2035 1242 2075 in
1272 2032 1454 2088 geniculo
1485 2033 1694 2075 internodi1
1713 2031 1835 2071 relin-

1730 2093 1830 2148 quit.
