1941 2674
380 62 803 125 AEQJ'ATIONEM
842 65 894 107 M
900 63 995 105 ERI
1000 63 1062 104 DI
1066 63 1125 105 EI
1132 93 1140 103 .
1365 67 1419 103 61

140 196 211 225 mo
244 182 434 234 tangentis
465 182 734 222 declinationis
767 180 856 221 solis
895 179 1131 220 subtrahatur
1171 178 1433 232 logarithmus

141 246 332 298 tangentis
367 245 522 285 dimidii
555 245 684 297 anguli
719 243 858 294 SPT,
909 253 949 282 et
981 256 1031 283 ex
1074 243 1198 283 tabula
1240 244 1431 296 logui-ith-

142 321 302 350 morum
335 308 480 346 residuo
514 317 714 360 quaeratur
746 318 926 346 nnmerus
957 306 1215 359 respondens,
1251 307 1315 359 qui
1357 309 1430 348 erit

145 426 201 432 „-
247 383 349 422 tang.
373 369 458 408 OE

145 442 199 451 -d
231 454 319 493 tang
346 427 503 479 {ffi-
570 400 676 440 Tum
710 401 750 440 in
784 399 867 440 casu
887 399 1157 439 declinationis
1176 398 1341 441 borealis
1360 400 1425 441 hie

141 517 319 547 numerus
350 503 396 542 ab
427 503 497 542 illo
531 502 791 552 subtrahatur,
824 503 863 540 in
900 501 983 540 casu
1016 500 1184 541 australis
1228 515 1321 543 vero
1357 504 1428 544 de-

140 567 361 610 clinationis
391 564 434 604 hi
466 566 616 604 numeri
634 566 680 604 ad
700 566 736 604 se
756 565 927 604 inuicem
954 563 1166 616 add-„mmm
1198 567 1425 619 numerique

140 635 206 687 qui
241 629 381 685 prodiit
411 627 580 667 sumatur
613 628 756 667 iterum
789 626 1078 679 logarsthmus,
1122 627 1230 680 isque
1272 629 1431 670 addatur

530 703 618 741 ang.
639 689 664 729 S
678 691 705 729 P
716 690 825 730 T.dt

142 738 189 780 ad
220 731 496 787 logafflhmum
529 748 826 811 ——7200—
856 731 945 761 ante
971 722 1188 763 inuentum.
1252 722 1345 778 Quo
1373 723 1428 764 fir-

137 829 201 870 έὶο
232 838 413 866 numerus
444 835 654 878 aggregato
691 824 850 865 illorum
892 824 1224 878 logarithmorum
1265 828 1429 882 respon-

135 892 226 931 dens
242 889 317 929 erit
336 900 517 929 numerus
538 888 781 928 minutorum
803 889 1011 929 tertiorum
1031 890 1307 942 aequationem
1336 904 1429 932 me-

135 954 248 994 ridiei
283 952 611 992 constituentium.

251 1048 283 1097 §.
326 1050 394 1085 18.
431 1045 596 1087 Videtur
627 1046 788 1100 quidem
821 1045 915 1087 haec
946 1047 1081 1100 regula
1113 1047 1201 1089 satis
1241 1047 1424 1102 prolixa,

133 1119 174 1152 et
205 1110 374 1150 multum
419 1110 609 1162 temporis
652 1110 846 1162 requirere
885 1112 933 1150 ad
974 1111 1144 1151 tabulam
1186 1111 1428 1164 aequationis

108 1170 315 1215 'meridiei
348 1173 680 1226 computandam3
719 1171 781 1213 sed
816 1172 880 1226 qui
911 1172 1108 1228 paulisper
1140 1174 1180 1214 in
1200 1173 1427 1215 calculando

135 1237 189 1279 est
219 1235 474 1286 exercitatus,
508 1235 634 1276 statim
665 1235 816 1276 videbit
850 1248 931 1276 non
963 1249 1061 1290 opus
1092 1235 1167 1278 effe
1200 1250 1273 1292 pro
1300 1236 1430 1290 fingu-

136 1301 186 1341 lis
215 1298 504 1352 aequationibus
538 1307 664 1339 totam
698 1298 973 1351 operationem
1006 1309 1210 1354 repetere·‚
1244 1299 1308 1340 sed
1336 1300 1428 1354 plu-

138 1375 200 1404 res
233 1373 415 1402 numeros
449 1361 563 1401 vnius
593 1361 834 1416 operationis
867 1361 908 1401 in
942 1362 1098 1415 reliquis
1131 1364 1306 1405 retineri.
1344 1361 1429 1404 'De

137 1438 204 1467 me
235 1424 370 1466 saltem
402 1421 611 1464 asseuerare
643 1421 822 1477 possum,
855 1436 921 1464 me
953 1424 1054 1466 haud
1072 1435 1236 1479 quatuor
1255 1427 1338 1467 dies
1364 1427 1430 1466 in-

137 1500 268 1542 tegros
298 1488 345 1528 ad
380 1496 506 1527 totam
541 1487 712 1528 tabulam
760 1487 854 1528 huie
896 1487 989 1527 loco
1029 1487 1303 1530 inseruientem
1346 1489 1430 1530 im-

136 1548 334 1607 pendiffe3
369 1562 467 1603 quae
497 1559 629 1591 tamen
672 1550 801 1592 tabula
851 1550 1051 1604 plusquam
1091 1551 1215 1593 sexies
1254 1552 1430 1606 amplior

141 1616 221 1665 est,
255 1626 372 1666 quam
405 1625 450 1653 ea
483 1626 580 1667 quae
612 1625 686 1667 pro
724 1614 922 1655 latitudine
964 1613 1143 1655 Lutetiae
1184 1617 1224 1655 in
1267 1615 1429 1656 Tabulis

139 1677 359 1719 Lahirianis
392 1685 514 1717 extat.
578 1676 794 1718 Peculiares
824 1677 932 1718 enim
975 1677 1122 1719 tabulas
1161 1678 1311 1719 conieci
1352 1690 1428 1732 pto

137 1741 250 1795 fignis
280 1739 566 1780 ascendentibus
597 1750 636 1781 et
667 1740 998 1794 descendentibus,
1042 1754 1121 1794 quo
1161 1741 1336 1783 instituto
1367 1740 1428 1782 la-

139 1805 213 1844 bor
244 1802 325 1843 fere
357 1812 440 1843 erat
477 1804 706 1856 duplicatus.
769 1804 970 1845 Praeterea
1012 1804 1183 1846 tabulam
1222 1805 1270 1846 ab
1313 1805 1428 1845 vnius

133 1867 257 1908 horae
290 1864 496 1906 interuallo
528 1867 628 1907 inter
659 1866 945 1908 obseruationes
977 1866 1175 1909 succeffiue
1216 1881 1334 1921 vsque
1375 1867 1424 1908 ad

136 1930 359 1972 ostodecim
392 1929 508 1969 horas
541 1930 789 1982 continuaui,
830 1943 918 1971 cum
959 1931 1172 1973 Parisrensis
1212 1940 1363 1972 tantum
1404 1942 1427 1971 a

134 2003 300 2047 quatuor
329 1991 439 2033 horis
468 2004 588 2047 vsque
619 1993 668 2034 ad
699 1993 837 2034 decem
872 1994 1069 2049 procedat.

705 2055 740 2095 H
777 2069 801 2106 3
1278 2058 1312 2107 ξ.
1353 2069 1421 2107 19.
