1941 2674
282 61 363 104 DE
393 55 607 103 THERM
609 55 703 102 OM
705 58 780 102 ET
781 56 874 102 RIS
905 53 1450 104 CONCORDANTIBVS.
1477 75 1499 115 3
1512 75 1531 104 2
1541 76 1560 104 1

247 177 437 218 Videmus
469 178 507 218 in
543 180 822 231 experimento
854 179 1007 233 primo,
1060 191 1265 219 numerum
1313 183 1453 230 1890,
1503 181 1567 234 qui

245 242 503 294 quantitatem
536 240 677 283 muffire
711 242 842 282 totalis
873 254 924 282 ex
959 241 1227 283 obseruatione
1261 254 1409 284 erutam
1433 246 1569 297 expri-

247 307 348 355 mit,
383 316 460 344 non
493 305 647 345 differre
679 319 701 346 a
734 317 901 346 numero
932 308 1072 356 1889,
1106 318 1220 359 quem
1241 305 1462 359 hypothesis
1483 308 1569 360 sug-

244 369 370 420 gerit,
403 368 469 408 nisi
502 381 578 408 vna
611 378 743 421 quarta
777 379 884 421 parte
917 370 1029 409 vnius
1058 370 1188 422 grani:
1233 369 1388 410 interim
1433 380 1568 411 tamen

244 430 342 471 hanc
376 432 582 471 minimam
616 432 875 472 differentiam
916 432 1173 472 nihilominus
1214 432 1254 472 in
1301 430 1423 473 caussa
1466 432 1568 484 effe,

243 507 310 534 cur
351 496 539 534 terminus
581 495 786 546 gel-ationis
823 494 938 548 sesqui
981 496 1160 548 gradibus
1200 495 1431 547 profundior
1472 498 1569 550 poni

243 557 414 598 deberet.
482 558 833 612 Quemadmodum
875 570 970 598 vcro
1015 560 1054 598 in
1104 560 1380 611 experimento
1434 562 1568 612 primo

243 616 368 661 Massa
393 620 532 659 totalis
564 621 661 659 iusto
696 621 825 660 maior
855 619 1016 660 assumta
1046 621 1134 660 fiiit2
1166 623 1219 661 ita
1254 633 1275 660 e
1305 624 1506 662 contrario
1526 624 1567 662 in

242 682 519 734 experimento
553 684 717 723 secundo
749 685 864 728 (dum
898 683 981 723 casu
1014 684 1170 734 accidit,
1214 692 1259 723 vt
1301 682 1426 723 Nmffir
1474 698 1569 737 par-

240 745 343 784 tialis
378 745 556 796 vtriuque
589 746 757 797 aequalis
797 743 912 791 effet)
951 745 1046 785 iusto
1087 747 1223 785 minor
1270 744 1448 798 affignata
1497 747 1564 787 cst.

239 808 316 856 Et,
350 807 436 859 quia
473 819 582 846 error
613 806 732 846 semel
764 804 944 847 admifl‘us
982 808 1080 847 alios
1120 808 1247 860 plures
1285 808 1438 860 gignit,
1483 821 1568 850 non

238 872 385 910 mirum
422 869 498 919 est,
533 871 636 923 quod
668 870 706 908 in
740 871 1016 923 experimento
1058 871 1204 921 tertio,
1237 870 1278 909 in
1322 883 1401 923 quo
1445 869 1567 912 maffit

238 933 410 986 partialis
447 936 578 982 1889.
602 945 659 985 gr.
698 945 902 986 perperam
937 946 1010 986 pro
1046 946 1138 974 vera
1171 931 1456 986 assumebatur,
1489 934 1566 975 dif-

236 997 398 1036 ferentia
433 997 561 1036 maior
593 1006 678 1035 orta
720 995 857 1047 fuerit,
899 1008 996 1049 quae
1046 997 1214 1036 omnino
1254 997 1386 1035 minor
1422 997 1564 1050 euasit,

239 1071 329 1098 cum
365 1058 507 1098 massae
542 1059 816 1098 determinatio
849 1059 990 1110 altera,
1022 1071 1164 1111 nempe
1192 1062 1396 1110 1890.gr.
1434 1060 1567 1100 substi-

237 1122 426 1161 tuebatur.
493 1121 577 1161 Pari
609 1122 734 1160 modo
765 1122 805 1159 in
841 1122 998 1174 reliquis
1028 1123 1311 1174 experimentis
1342 1132 1479 1175 quarto
1499 1123 1566 1167 ni-

239 1185 388 1227 mirum
424 1193 463 1224 et
493 1185 629 1238 quinto
662 1184 731 1224 vni
763 1194 884 1235 grano
917 1196 997 1225 non
1030 1185 1308 1238 aequiparatur.

355 1280 388 1329 ς.
426 1291 494 1318 10.
529 1278 679 1320 Verum
712 1281 817 1321 cnim
850 1292 946 1321 vero
980 1293 1060 1320 non
1079 1281 1289 1333 putandum
1319 1281 1398 1332 cst,
1432 1279 1566 1335 hypo-

239 1341 365 1383 thesin
399 1342 498 1382 hanc
530 1343 755 1384 adstititiam
795 1356 928 1384 veram
962 1345 1058 1394 effe,
1102 1345 1189 1397 quia
1233 1354 1311 1384 tam
1349 1356 1471 1397 prope
1515 1345 1564 1386 ad

240 1405 528 1446 obseruationes
561 1408 735 1459 accedit3
772 1405 833 1446 sed
865 1418 915 1445 eo
949 1405 1057 1459 ipso,
1089 1408 1174 1459 quia
1207 1419 1268 1447 res
1299 1407 1345 1446 ad
1381 1408 1565 1448 minutias

239 1469 363 1519 redit,
397 1469 584 1509 iudicium
626 1471 756 1522 potius
795 1468 1100 1521 suspendendum
1141 1470 1207 1510 est.
1271 1469 1413 1525 Quodsi
1453 1471 1562 1513 enim

239 1531 358 1578 aliam
395 1533 578 1584 adopt-aie
615 1532 804 1583 velimus,
839 1534 877 1571 in
910 1544 981 1584 qua
1026 1531 1231 1584 longitudo
1275 1534 1362 1574 riae
1403 1531 1485 1572 AB
1518 1534 1566 1573 fit

240 1606 276 1634 e.
299 1606 357 1646 gr.
377 1601 466 1647 12⁵3&
503 1595 591 1646 vel,
611 1596 731 1647 (quae
749 1596 788 1634 in
809 1594 994 1634 diuisione
1013 1594 1314 1636 Thermometri
1342 1590 1564 1639 Dei'isliani

241 1659 420 1711 primarii
453 1658 586 1698 locum
607 1658 800 1708 obtinuit)
826 1658 1011 1707 (ῖδςῧῖξδῇτ
1045 1658 1292 1709 videbimus,
1327 1657 1411 1698 illas
1443 1670 1563 1712 aeque

242 1721 364 1773 bene,
399 1722 484 1769 imo
519 1721 642 1772 aliqua
675 1733 726 1760 ex
759 1730 866 1773 parre
898 1720 1107 1760 accuratius
1150 1733 1241 1761 cum
1283 1721 1564 1774 experimentis

241 1785 494 1824 concordare.
535 1782 596 1824 Sit
627 1785 733 1824 enim
768 1783 994 1836 Longitudo
1028 1783 1140 1836 AB,
1174 1783 1239 1824 vel
1273 1783 1396 1825 Massa
1415 1784 1562 1838 partia-

240 1847 289 1886 lis
320 1848 362 1889 in
395 1846 466 1887 illo
500 1847 621 1901 spatio
653 1856 833 1888 contenta
865 1852 1014 1896 3:333,
1045 1848 1119 1889 erit
1150 1847 1257 1890 iuxta

237 2037 347 2085 Tom.
380 2038 510 2082 VIII.
887 2035 937 2087 S}
1472 2036 1563 2080 Ex-
