<?xml version="1.0" encoding="UTF-8"?>
<!DOCTYPE html PUBLIC "-//W3C//DTD XHTML 1.0 Transitional//EN"
    "http://www.w3.org/TR/xhtml1/DTD/xhtml1-transitional.dtd">
<html xmlns="http://www.w3.org/1999/xhtml" xml:lang="en" lang="en">
 <head>
  <title>
</title>
<meta http-equiv="Content-Type" content="text/html;charset=utf-8" />
  <meta name='ocr-system' content='tesseract 3.04.00' />
  <meta name='ocr-capabilities' content='ocr_page ocr_carea ocr_par ocr_line ocrx_word'/>
</head>
<body>
  <div class='ocr_page' id='page_1' title='image "./commentariiacade08impe_0233.png"; bbox 0 0 1941 2674; ppageno 0'>
   <div class='ocr_carea' id='block_1_1' title="bbox 321 79 1400 124">
    <p class='ocr_par' dir='ltr' id='par_1_1' title="bbox 321 79 1400 124">
     <span class='ocr_line' id='line_1_1' title="bbox 321 79 1400 124; baseline 0 -2"><span class='ocrx_word' id='word_1_1' title='bbox 321 79 409 122; x_wconf 88' lang='lat' dir='ltr'>EX</span> <span class='ocrx_word' id='word_1_2' title='bbox 440 79 673 123; x_wconf 77' lang='lat' dir='ltr'><em>TRVNCO</em></span> <span class='ocrx_word' id='word_1_3' title='bbox 706 80 950 124; x_wconf 78' lang='lat' dir='ltr'><em>ARBORIS</em></span> <span class='ocrx_word' id='word_1_4' title='bbox 982 80 1193 123; x_wconf 85' lang='lat' dir='ltr'><em>ENATO.</em></span> <span class='ocrx_word' id='word_1_5' title='bbox 1320 94 1400 123; x_wconf 83' lang='lat'>201</span> 
     </span>
    </p>
   </div>
   <div class='ocr_carea' id='block_1_2' title="bbox 123 197 1410 866">
    <p class='ocr_par' dir='ltr' id='par_1_2' title="bbox 123 197 1410 866">
     <span class='ocr_line' id='line_1_2' title="bbox 123 197 1410 252; baseline 0.001 -14"><span class='ocrx_word' id='word_1_6' title='bbox 123 199 176 239; x_wconf 64' lang='lat' dir='ltr'>ad</span> <span class='ocrx_word' id='word_1_7' title='bbox 210 200 468 238; x_wconf 73' lang='lat' dir='ltr'>maturitatem</span> <span class='ocrx_word' id='word_1_8' title='bbox 502 198 710 252; x_wconf 60' lang='lat' dir='ltr'>perfectam</span> <span class='ocrx_word' id='word_1_9' title='bbox 746 211 823 238; x_wconf 91' lang='lat' dir='ltr'>non</span> <span class='ocrx_word' id='word_1_10' title='bbox 856 199 1055 252; x_wconf 78' lang='lat' dir='ltr'>peruenire</span> <span class='ocrx_word' id='word_1_11' title='bbox 1089 198 1241 239; x_wconf 67' lang='lat' dir='ltr'>frustus.</span> <span class='ocrx_word' id='word_1_12' title='bbox 1311 197 1410 239; x_wconf 81' lang='lat' dir='ltr'>Sue-</span> 
     </span>
     <span class='ocr_line' id='line_1_3' title="bbox 130 261 1410 314; baseline 0 -13"><span class='ocrx_word' id='word_1_13' title='bbox 130 263 246 301; x_wconf 82' lang='lat' dir='ltr'>currit</span> <span class='ocrx_word' id='word_1_14' title='bbox 278 261 493 302; x_wconf 78' lang='lat' dir='ltr'>obseruatio</span> <span class='ocrx_word' id='word_1_15' title='bbox 525 273 678 312; x_wconf 79' lang='lat' dir='ltr'>recens,</span> <span class='ocrx_word' id='word_1_16' title='bbox 721 275 791 314; x_wconf 84' lang='lat' dir='ltr'>qua</span> <span class='ocrx_word' id='word_1_17' title='bbox 825 262 928 301; x_wconf 83' lang='lat' dir='ltr'>idem</span> <span class='ocrx_word' id='word_1_18' title='bbox 964 261 1229 301; x_wconf 71' lang='lat' dir='ltr'>confirmatur.</span> <span class='ocrx_word' id='word_1_19' title='bbox 1296 263 1410 302; x_wconf 79' lang='lat' dir='ltr'>Pauci</span> 
     </span>
     <span class='ocr_line' id='line_1_4' title="bbox 130 324 1410 378; baseline 0.001 -15"><span class='ocrx_word' id='word_1_20' title='bbox 130 324 244 377; x_wconf 74' lang='lat' dir='ltr'>clapsi</span> <span class='ocrx_word' id='word_1_21' title='bbox 296 325 377 364; x_wconf 86' lang='lat' dir='ltr'>sunt</span> <span class='ocrx_word' id='word_1_22' title='bbox 424 325 535 374; x_wconf 88' lang='lat' dir='ltr'>anni,</span> <span class='ocrx_word' id='word_1_23' title='bbox 584 336 634 363; x_wconf 83' lang='lat' dir='ltr'>ex</span> <span class='ocrx_word' id='word_1_24' title='bbox 682 338 758 378; x_wconf 79' lang='lat' dir='ltr'>quo</span> <span class='ocrx_word' id='word_1_25' title='bbox 810 337 887 363; x_wconf 90' lang='lat' dir='ltr'>non</span> <span class='ocrx_word' id='word_1_26' title='bbox 943 337 1063 363; x_wconf 86' lang='lat' dir='ltr'>nemo</span> <span class='ocrx_word' id='word_1_27' title='bbox 1114 326 1168 363; x_wconf 82' lang='lat' dir='ltr'>rei</span> <span class='ocrx_word' id='word_1_28' title='bbox 1223 325 1410 364; x_wconf 78' lang='lat' dir='ltr'>hortensis</span> 
     </span>
     <span class='ocr_line' id='line_1_5' title="bbox 129 387 1409 439; baseline 0.002 -14"><span class='ocrx_word' id='word_1_29' title='bbox 129 397 168 426; x_wconf 91' lang='lat' dir='ltr'>et</span> <span class='ocrx_word' id='word_1_30' title='bbox 202 387 375 426; x_wconf 83' lang='lat' dir='ltr'>theoriae</span> <span class='ocrx_word' id='word_1_31' title='bbox 410 388 665 438; x_wconf 81' lang='lat' dir='ltr'>vegetationis</span> <span class='ocrx_word' id='word_1_32' title='bbox 698 389 848 439; x_wconf 81' lang='lat' dir='ltr'>ignarus</span> <span class='ocrx_word' id='word_1_33' title='bbox 880 388 999 426; x_wconf 81' lang='lat' dir='ltr'>vitem</span> <span class='ocrx_word' id='word_1_34' title='bbox 1035 388 1137 426; x_wconf 72' lang='lat' dir='ltr'>foliis</span> <span class='ocrx_word' id='word_1_35' title='bbox 1182 389 1409 439; x_wconf 84' lang='lat' dir='ltr'>orbauerat,</span> 
     </span>
     <span class='ocr_line' id='line_1_6' title="bbox 126 449 1409 503; baseline 0.002 -15"><span class='ocrx_word' id='word_1_36' title='bbox 126 458 170 488; x_wconf 78' lang='lat' dir='ltr'>vt</span> <span class='ocrx_word' id='word_1_37' title='bbox 197 462 294 489; x_wconf 84' lang='lat' dir='ltr'>vuae</span> <span class='ocrx_word' id='word_1_38' title='bbox 314 449 381 488; x_wconf 73' lang='lat' dir='ltr'>fiui</span> <span class='ocrx_word' id='word_1_39' title='bbox 414 449 608 501; x_wconf 78' lang='lat' dir='ltr'>expolitae</span> <span class='ocrx_word' id='word_1_40' title='bbox 637 452 897 490; x_wconf 68' lang='lat' dir='ltr'>maturitatem</span> <span class='ocrx_word' id='word_1_41' title='bbox 932 451 1040 489; x_wconf 85' lang='lat' dir='ltr'>citius</span> <span class='ocrx_word' id='word_1_42' title='bbox 1072 450 1409 503; x_wconf 80' lang='lat' dir='ltr'>consequerentur,</span> 
     </span>
     <span class='ocr_line' id='line_1_7' title="bbox 130 511 1409 566; baseline 0.002 -15"><span class='ocrx_word' id='word_1_43' title='bbox 130 513 288 551; x_wconf 84' lang='lat' dir='ltr'>miratus</span> <span class='ocrx_word' id='word_1_44' title='bbox 320 521 500 551; x_wconf 86' lang='lat' dir='ltr'>euentum</span> <span class='ocrx_word' id='word_1_45' title='bbox 535 511 686 564; x_wconf 82' lang='lat' dir='ltr'>prorsus</span> <span class='ocrx_word' id='word_1_46' title='bbox 719 514 980 561; x_wconf 83' lang='lat' dir='ltr'>contrarium,</span> <span class='ocrx_word' id='word_1_47' title='bbox 1015 512 1077 551; x_wconf 70' lang='lat' dir='ltr'>vbi</span> <span class='ocrx_word' id='word_1_48' title='bbox 1113 514 1256 552; x_wconf 79' lang='lat' dir='ltr'>nuliam</span> <span class='ocrx_word' id='word_1_49' title='bbox 1279 524 1409 566; x_wconf 85' lang='lat' dir='ltr'>matu-</span> 
     </span>
     <span class='ocr_line' id='line_1_8' title="bbox 129 574 1407 624; baseline 0.003 -12"><span class='ocrx_word' id='word_1_50' title='bbox 129 574 272 614; x_wconf 76' lang='lat' dir='ltr'>rescere</span> <span class='ocrx_word' id='word_1_51' title='bbox 305 574 539 622; x_wconf 68' lang='lat' dir='ltr'>obstruatur,</span> <span class='ocrx_word' id='word_1_52' title='bbox 574 574 795 624; x_wconf 82' lang='lat' dir='ltr'>tempestate</span> <span class='ocrx_word' id='word_1_53' title='bbox 837 574 929 612; x_wconf 85' lang='lat' dir='ltr'>licet</span> <span class='ocrx_word' id='word_1_54' title='bbox 972 576 1220 613; x_wconf 85' lang='lat' dir='ltr'>maturationi</span> <span class='ocrx_word' id='word_1_55' title='bbox 1271 578 1407 616; x_wconf 79' lang='lat' dir='ltr'>amica.</span> 
     </span>
     <span class='ocr_line' id='line_1_9' title="bbox 129 634 1409 689; baseline 0.001 -12"><span class='ocrx_word' id='word_1_56' title='bbox 129 636 227 677; x_wconf 90' lang='lat' dir='ltr'>Non</span> <span class='ocrx_word' id='word_1_57' title='bbox 253 638 336 687; x_wconf 69' lang='lat' dir='ltr'>est,</span> <span class='ocrx_word' id='word_1_58' title='bbox 373 636 473 689; x_wconf 81' lang='lat' dir='ltr'>quod</span> <span class='ocrx_word' id='word_1_59' title='bbox 507 635 698 686; x_wconf 75' lang='lat' dir='ltr'>excipias,</span> <span class='ocrx_word' id='word_1_60' title='bbox 750 634 852 673; x_wconf 82' lang='lat' dir='ltr'>nulla</span> <span class='ocrx_word' id='word_1_61' title='bbox 893 636 994 673; x_wconf 86' lang='lat' dir='ltr'>circa</span> <span class='ocrx_word' id='word_1_62' title='bbox 1042 636 1263 687; x_wconf 85' lang='lat' dir='ltr'>pediculum</span> <span class='ocrx_word' id='word_1_63' title='bbox 1315 637 1409 679; x_wconf 79' lang='lat' dir='ltr'>solia</span> 
     </span>
     <span class='ocr_line' id='line_1_10' title="bbox 128 695 1410 751; baseline 0.001 -13"><span class='ocrx_word' id='word_1_64' title='bbox 128 698 236 740; x_wconf 76' lang='lat' dir='ltr'>fiiisse</span> <span class='ocrx_word' id='word_1_65' title='bbox 268 709 432 751; x_wconf 85' lang='lat' dir='ltr'>reperta.</span> <span class='ocrx_word' id='word_1_66' title='bbox 497 695 686 735; x_wconf 80' lang='lat' dir='ltr'>Insuetum</span> <span class='ocrx_word' id='word_1_67' title='bbox 721 708 799 734; x_wconf 91' lang='lat' dir='ltr'>non</span> <span class='ocrx_word' id='word_1_68' title='bbox 833 696 884 735; x_wconf 88' lang='lat' dir='ltr'>est</span> <span class='ocrx_word' id='word_1_69' title='bbox 922 697 1052 749; x_wconf 87' lang='lat' dir='ltr'>pomis</span> <span class='ocrx_word' id='word_1_70' title='bbox 1071 700 1410 741; x_wconf 74' lang='lat' dir='ltr'>matureicentibus</span> 
     </span>
     <span class='ocr_line' id='line_1_11' title="bbox 128 758 1409 811; baseline 0 -9"><span class='ocrx_word' id='word_1_71' title='bbox 128 763 222 802; x_wconf 79' lang='lat' dir='ltr'>folia</span> <span class='ocrx_word' id='word_1_72' title='bbox 263 761 416 801; x_wconf 80' lang='lat' dir='ltr'>exsucca</span> <span class='ocrx_word' id='word_1_73' title='bbox 459 758 656 810; x_wconf 81' lang='lat' dir='ltr'>decidere,</span> <span class='ocrx_word' id='word_1_74' title='bbox 690 758 915 811; x_wconf 76' lang='lat' dir='ltr'>pracsertim</span> <span class='ocrx_word' id='word_1_75' title='bbox 957 759 1023 799; x_wconf 85' lang='lat' dir='ltr'>vbi</span> <span class='ocrx_word' id='word_1_76' title='bbox 1056 758 1179 800; x_wconf 81' lang='lat' dir='ltr'>succus</span> <span class='ocrx_word' id='word_1_77' title='bbox 1229 763 1409 803; x_wconf 84' lang='lat' dir='ltr'>nutritius</span> 
     </span>
     <span class='ocr_line' id='line_1_12' title="bbox 127 820 502 866; baseline -0.019 -1"><span class='ocrx_word' id='word_1_78' title='bbox 127 826 291 866; x_wconf 84' lang='lat' dir='ltr'>minime</span> <span class='ocrx_word' id='word_1_79' title='bbox 326 820 502 861; x_wconf 80' lang='lat' dir='ltr'>abundat.</span> 
     </span>
    </p>
   </div>
   <div class='ocr_carea' id='block_1_3' title="bbox 113 945 1411 2076">
    <p class='ocr_par' dir='ltr' id='par_1_3' title="bbox 113 945 1411 2076">
     <span class='ocr_line' id='line_1_13' title="bbox 239 945 1411 1003; baseline 0.007 -15"><span class='ocrx_word' id='word_1_80' title='bbox 239 945 338 1002; x_wconf 88' lang='lat' dir='ltr'>Spes</span> <span class='ocrx_word' id='word_1_81' title='bbox 370 955 467 1000; x_wconf 84' lang='lat' dir='ltr'>erat,</span> <span class='ocrx_word' id='word_1_82' title='bbox 503 961 599 1003; x_wconf 85' lang='lat' dir='ltr'>quae</span> <span class='ocrx_word' id='word_1_83' title='bbox 631 949 730 1002; x_wconf 84' lang='lat' dir='ltr'>dixi,</span> <span class='ocrx_word' id='word_1_84' title='bbox 765 949 1032 992; x_wconf 84' lang='lat' dir='ltr'>obseruatione</span> <span class='ocrx_word' id='word_1_85' title='bbox 1065 951 1227 994; x_wconf 80' lang='lat' dir='ltr'>decisiua</span> <span class='ocrx_word' id='word_1_86' title='bbox 1262 953 1411 996; x_wconf 80' lang='lat' dir='ltr'>confir·</span> 
     </span>
     <span class='ocr_line' id='line_1_14' title="bbox 121 1009 1408 1070; baseline 0.005 -18"><span class='ocrx_word' id='word_1_87' title='bbox 121 1012 269 1052; x_wconf 88' lang='lat' dir='ltr'>mandi.</span> <span class='ocrx_word' id='word_1_88' title='bbox 334 1009 438 1052; x_wconf 88' lang='lat' dir='ltr'>Cum</span> <span class='ocrx_word' id='word_1_89' title='bbox 471 1013 578 1052; x_wconf 88' lang='lat' dir='ltr'>enim</span> <span class='ocrx_word' id='word_1_90' title='bbox 607 1013 721 1053; x_wconf 91' lang='lat' dir='ltr'>initio</span> <span class='ocrx_word' id='word_1_91' title='bbox 753 1015 853 1054; x_wconf 83' lang='lat' dir='ltr'>veris</span> <span class='ocrx_word' id='word_1_92' title='bbox 885 1015 1013 1054; x_wconf 84' lang='lat' dir='ltr'>malos</span> <span class='ocrx_word' id='word_1_93' title='bbox 1048 1015 1206 1068; x_wconf 77' lang='lat' dir='ltr'>singulas</span> <span class='ocrx_word' id='word_1_94' title='bbox 1239 1030 1309 1070; x_wconf 86' lang='lat' dir='ltr'>per</span> <span class='ocrx_word' id='word_1_95' title='bbox 1342 1028 1408 1059; x_wconf 83' lang='lat' dir='ltr'>to-</span> 
     </span>
     <span class='ocr_line' id='line_1_15' title="bbox 118 1075 1406 1133; baseline 0.005 -19"><span class='ocrx_word' id='word_1_96' title='bbox 118 1084 204 1115; x_wconf 89' lang='lat' dir='ltr'>tum</span> <span class='ocrx_word' id='word_1_97' title='bbox 239 1075 425 1127; x_wconf 89' lang='lat' dir='ltr'>hortum,</span> <span class='ocrx_word' id='word_1_98' title='bbox 457 1075 497 1114; x_wconf 89' lang='lat' dir='ltr'>in</span> <span class='ocrx_word' id='word_1_99' title='bbox 530 1087 607 1130; x_wconf 90' lang='lat' dir='ltr'>quo</span> <span class='ocrx_word' id='word_1_100' title='bbox 639 1089 717 1116; x_wconf 88' lang='lat' dir='ltr'>non</span> <span class='ocrx_word' id='word_1_101' title='bbox 750 1078 890 1129; x_wconf 83' lang='lat' dir='ltr'>exigua</span> <span class='ocrx_word' id='word_1_102' title='bbox 919 1079 1125 1118; x_wconf 84' lang='lat' dir='ltr'>earundem</span> <span class='ocrx_word' id='word_1_103' title='bbox 1157 1081 1294 1133; x_wconf 85' lang='lat' dir='ltr'>copia,</span> <span class='ocrx_word' id='word_1_104' title='bbox 1329 1081 1406 1122; x_wconf 42' lang='lat' dir='ltr'>stu*</span> 
     </span>
     <span class='ocr_line' id='line_1_16' title="bbox 120 1138 1405 1196; baseline 0.005 -19"><span class='ocrx_word' id='word_1_105' title='bbox 120 1139 226 1181; x_wconf 77' lang='lat' dir='ltr'>diose</span> <span class='ocrx_word' id='word_1_106' title='bbox 258 1138 570 1193; x_wconf 74' lang='lat' dir='ltr'>contemplarer,</span> <span class='ocrx_word' id='word_1_107' title='bbox 604 1151 684 1179; x_wconf 89' lang='lat' dir='ltr'>non</span> <span class='ocrx_word' id='word_1_108' title='bbox 717 1139 791 1179; x_wconf 82' lang='lat' dir='ltr'>sine</span> <span class='ocrx_word' id='word_1_109' title='bbox 823 1141 1025 1193; x_wconf 83' lang='lat' dir='ltr'>voluptate</span> <span class='ocrx_word' id='word_1_110' title='bbox 1062 1141 1180 1181; x_wconf 87' lang='lat' dir='ltr'>incidi</span> <span class='ocrx_word' id='word_1_111' title='bbox 1214 1144 1253 1181; x_wconf 93' lang='lat' dir='ltr'>in</span> <span class='ocrx_word' id='word_1_112' title='bbox 1289 1155 1405 1196; x_wconf 84' lang='lat' dir='ltr'>gem-</span> 
     </span>
     <span class='ocr_line' id='line_1_17' title="bbox 121 1202 1403 1259; baseline 0.004 -18"><span class='ocrx_word' id='word_1_113' title='bbox 121 1213 230 1244; x_wconf 81' lang='lat' dir='ltr'>mam</span> <span class='ocrx_word' id='word_1_114' title='bbox 263 1202 490 1256; x_wconf 81' lang='lat' dir='ltr'>grauidam,</span> <span class='ocrx_word' id='word_1_115' title='bbox 522 1214 617 1257; x_wconf 81' lang='lat' dir='ltr'>quae</span> <span class='ocrx_word' id='word_1_116' title='bbox 648 1203 687 1242; x_wconf 90' lang='lat' dir='ltr'>in</span> <span class='ocrx_word' id='word_1_117' title='bbox 723 1203 807 1242; x_wconf 86' lang='lat' dir='ltr'>imo</span> <span class='ocrx_word' id='word_1_118' title='bbox 836 1204 983 1254; x_wconf 89' lang='lat' dir='ltr'>trunci,</span> <span class='ocrx_word' id='word_1_119' title='bbox 1016 1203 1082 1243; x_wconf 90' lang='lat' dir='ltr'>vbi</span> <span class='ocrx_word' id='word_1_120' title='bbox 1102 1204 1149 1243; x_wconf 81' lang='lat' dir='ltr'>ad</span> <span class='ocrx_word' id='word_1_121' title='bbox 1170 1204 1285 1245; x_wconf 71' lang='lat' dir='ltr'>latera</span> <span class='ocrx_word' id='word_1_122' title='bbox 1308 1219 1403 1259; x_wconf 79' lang='lat' dir='ltr'>pro—</span> 
     </span>
     <span class='ocr_line' id='line_1_18' title="bbox 118 1265 1403 1318; baseline 0.003 -12"><span class='ocrx_word' id='word_1_123' title='bbox 118 1268 372 1307; x_wconf 72' lang='lat' dir='ltr'>tendebantur</span> <span class='ocrx_word' id='word_1_124' title='bbox 411 1266 533 1315; x_wconf 81' lang='lat' dir='ltr'>rami,</span> <span class='ocrx_word' id='word_1_125' title='bbox 584 1265 682 1306; x_wconf 83' lang='lat' dir='ltr'>vltra</span> <span class='ocrx_word' id='word_1_126' title='bbox 721 1267 911 1305; x_wconf 88' lang='lat' dir='ltr'>corticem</span> <span class='ocrx_word' id='word_1_127' title='bbox 954 1279 1161 1318; x_wconf 83' lang='lat' dir='ltr'>paucarum</span> <span class='ocrx_word' id='word_1_128' title='bbox 1211 1267 1403 1310; x_wconf 82' lang='lat' dir='ltr'>linearum</span> 
     </span>
     <span class='ocr_line' id='line_1_19' title="bbox 118 1327 1403 1381; baseline 0.002 -12"><span class='ocrx_word' id='word_1_129' title='bbox 118 1330 324 1370; x_wconf 73' lang='lat' dir='ltr'>interual’m</span> <span class='ocrx_word' id='word_1_130' title='bbox 364 1327 624 1381; x_wconf 82' lang='lat' dir='ltr'>prominebat.</span> <span class='ocrx_word' id='word_1_131' title='bbox 691 1328 809 1369; x_wconf 83' lang='lat' dir='ltr'>Malis</span> <span class='ocrx_word' id='word_1_132' title='bbox 850 1328 1134 1370; x_wconf 78' lang='lat' dir='ltr'>florescentibus</span> <span class='ocrx_word' id='word_1_133' title='bbox 1184 1332 1318 1372; x_wconf 77' lang='lat' dir='ltr'>eadem</span> <span class='ocrx_word' id='word_1_134' title='bbox 1362 1333 1403 1372; x_wconf 91' lang='lat' dir='ltr'>in</span> 
     </span>
     <span class='ocr_line' id='line_1_20' title="bbox 120 1391 1402 1447; baseline 0.002 -15"><span class='ocrx_word' id='word_1_135' title='bbox 120 1393 236 1432; x_wconf 81' lang='lat' dir='ltr'>flores</span> <span class='ocrx_word' id='word_1_136' title='bbox 269 1402 308 1432; x_wconf 89' lang='lat' dir='ltr'>et</span> <span class='ocrx_word' id='word_1_137' title='bbox 339 1391 431 1431; x_wconf 78' lang='lat' dir='ltr'>folia</span> <span class='ocrx_word' id='word_1_138' title='bbox 464 1392 750 1444; x_wconf 76' lang='lat' dir='ltr'>expiicabatur,</span> <span class='ocrx_word' id='word_1_139' title='bbox 785 1403 853 1430; x_wconf 91' lang='lat' dir='ltr'>nec</span> <span class='ocrx_word' id='word_1_140' title='bbox 886 1391 1068 1443; x_wconf 76' lang='lat' dir='ltr'>fioribus,</span> <span class='ocrx_word' id='word_1_141' title='bbox 1126 1405 1249 1447; x_wconf 83' lang='lat' dir='ltr'>neque</span> <span class='ocrx_word' id='word_1_142' title='bbox 1300 1394 1402 1435; x_wconf 86' lang='lat' dir='ltr'>foliis</span> 
     </span>
     <span class='ocr_line' id='line_1_21' title="bbox 120 1454 1402 1511; baseline 0.002 -15"><span class='ocrx_word' id='word_1_143' title='bbox 120 1457 327 1510; x_wconf 77' lang='lat' dir='ltr'>quicquam</span> <span class='ocrx_word' id='word_1_144' title='bbox 359 1455 512 1505; x_wconf 83' lang='lat' dir='ltr'>deerat,</span> <span class='ocrx_word' id='word_1_145' title='bbox 543 1466 618 1507; x_wconf 88' lang='lat' dir='ltr'>quo</span> <span class='ocrx_word' id='word_1_146' title='bbox 655 1468 676 1494; x_wconf 82' lang='lat' dir='ltr'>a</span> <span class='ocrx_word' id='word_1_147' title='bbox 709 1454 870 1506; x_wconf 88' lang='lat' dir='ltr'>ceteris,</span> <span class='ocrx_word' id='word_1_148' title='bbox 907 1454 1041 1508; x_wconf 86' lang='lat' dir='ltr'>quibus</span> <span class='ocrx_word' id='word_1_149' title='bbox 1072 1458 1170 1496; x_wconf 81' lang='lat' dir='ltr'>rami</span> <span class='ocrx_word' id='word_1_150' title='bbox 1210 1456 1402 1511; x_wconf 73' lang='lat' dir='ltr'>superbie-⁴</span> 
     </span>
     <span class='ocr_line' id='line_1_22' title="bbox 120 1517 1402 1570; baseline 0.002 -11"><span class='ocrx_word' id='word_1_151' title='bbox 120 1519 239 1569; x_wconf 81' lang='lat' dir='ltr'>bant,</span> <span class='ocrx_word' id='word_1_152' title='bbox 271 1518 480 1558; x_wconf 85' lang='lat' dir='ltr'>differrent.</span> <span class='ocrx_word' id='word_1_153' title='bbox 547 1517 764 1557; x_wconf 87' lang='lat' dir='ltr'>Enimuero</span> <span class='ocrx_word' id='word_1_154' title='bbox 795 1517 978 1570; x_wconf 77' lang='lat' dir='ltr'>quoniam</span> <span class='ocrx_word' id='word_1_155' title='bbox 1010 1518 1087 1558; x_wconf 91' lang='lat' dir='ltr'>hoc</span> <span class='ocrx_word' id='word_1_156' title='bbox 1107 1531 1209 1560; x_wconf 85' lang='lat' dir='ltr'>anno</span> <span class='ocrx_word' id='word_1_157' title='bbox 1228 1521 1268 1560; x_wconf 90' lang='lat' dir='ltr'>in</span> <span class='ocrx_word' id='word_1_158' title='bbox 1287 1522 1402 1562; x_wconf 82' lang='lat' dir='ltr'>omni</span> 
     </span>
     <span class='ocr_line' id='line_1_23' title="bbox 116 1579 1401 1634; baseline 0.002 -12"><span class='ocrx_word' id='word_1_159' title='bbox 116 1582 288 1630; x_wconf 59' lang='lat' dir='ltr'>districtu</span> <span class='ocrx_word' id='word_1_160' title='bbox 320 1582 417 1621; x_wconf 81' lang='lat' dir='ltr'>circa</span> <span class='ocrx_word' id='word_1_161' title='bbox 450 1580 587 1620; x_wconf 83' lang='lat' dir='ltr'>vrbem</span> <span class='ocrx_word' id='word_1_162' title='bbox 622 1579 760 1620; x_wconf 63' lang='lat' dir='ltr'>inrecta</span> <span class='ocrx_word' id='word_1_163' title='bbox 803 1581 988 1634; x_wconf 74' lang='lat' dir='ltr'>quaedam</span> <span class='ocrx_word' id='word_1_164' title='bbox 1029 1582 1194 1622; x_wconf 82' lang='lat' dir='ltr'>minima</span> <span class='ocrx_word' id='word_1_165' title='bbox 1243 1583 1401 1625; x_wconf 80' lang='lat' dir='ltr'>fioribus</span> 
     </span>
     <span class='ocr_line' id='line_1_24' title="bbox 114 1642 1402 1696; baseline 0.002 -11"><span class='ocrx_word' id='word_1_166' title='bbox 114 1645 312 1686; x_wconf 85' lang='lat' dir='ltr'>malorum</span> <span class='ocrx_word' id='word_1_167' title='bbox 345 1654 452 1684; x_wconf 83' lang='lat' dir='ltr'>erant</span> <span class='ocrx_word' id='word_1_168' title='bbox 482 1642 636 1692; x_wconf 81' lang='lat' dir='ltr'>infesta,</span> <span class='ocrx_word' id='word_1_169' title='bbox 670 1654 716 1683; x_wconf 83' lang='lat' dir='ltr'>vt</span> <span class='ocrx_word' id='word_1_170' title='bbox 749 1656 824 1683; x_wconf 82' lang='lat' dir='ltr'>vna</span> <span class='ocrx_word' id='word_1_171' title='bbox 858 1646 1144 1696; x_wconf 86' lang='lat' dir='ltr'>propemodum</span> <span class='ocrx_word' id='word_1_172' title='bbox 1178 1647 1294 1687; x_wconf 65' lang='lat' dir='ltr'>noete</span> <span class='ocrx_word' id='word_1_173' title='bbox 1313 1656 1402 1687; x_wconf 83' lang='lat' dir='ltr'>tan-</span> 
     </span>
     <span class='ocr_line' id='line_1_25' title="bbox 116 1705 1398 1763; baseline 0.002 -15"><span class='ocrx_word' id='word_1_174' title='bbox 116 1718 202 1748; x_wconf 88' lang='lat' dir='ltr'>tum</span> <span class='ocrx_word' id='word_1_175' title='bbox 237 1720 316 1747; x_wconf 90' lang='lat' dir='ltr'>non</span> <span class='ocrx_word' id='word_1_176' title='bbox 351 1719 490 1747; x_wconf 77' lang='lat' dir='ltr'>omnes·</span> <span class='ocrx_word' id='word_1_177' title='bbox 522 1707 659 1746; x_wconf 86' lang='lat' dir='ltr'>decore</span> <span class='ocrx_word' id='word_1_178' title='bbox 691 1707 755 1746; x_wconf 90' lang='lat' dir='ltr'>suo</span> <span class='ocrx_word' id='word_1_179' title='bbox 788 1707 1048 1759; x_wconf 81' lang='lat' dir='ltr'>priuarentur,</span> <span class='ocrx_word' id='word_1_180' title='bbox 1081 1705 1204 1748; x_wconf 84' lang='lat' dir='ltr'>oculis</span> <span class='ocrx_word' id='word_1_181' title='bbox 1223 1711 1306 1763; x_wconf 81' lang='lat' dir='ltr'>&#39;per</span> <span class='ocrx_word' id='word_1_182' title='bbox 1327 1710 1398 1750; x_wconf 81' lang='lat' dir='ltr'>ali-</span> 
     </span>
     <span class='ocr_line' id='line_1_26' title="bbox 117 1769 1401 1824; baseline 0.002 -13"><span class='ocrx_word' id='word_1_183' title='bbox 117 1781 213 1824; x_wconf 92' lang='lat' dir='ltr'>quot</span> <span class='ocrx_word' id='word_1_184' title='bbox 244 1772 324 1810; x_wconf 80' lang='lat' dir='ltr'>iam</span> <span class='ocrx_word' id='word_1_185' title='bbox 355 1770 436 1809; x_wconf 83' lang='lat' dir='ltr'>dies</span> <span class='ocrx_word' id='word_1_186' title='bbox 466 1769 615 1810; x_wconf 80' lang='lat' dir='ltr'>formae</span> <span class='ocrx_word' id='word_1_187' title='bbox 647 1770 776 1809; x_wconf 91' lang='lat' dir='ltr'>nitore</span> <span class='ocrx_word' id='word_1_188' title='bbox 807 1769 940 1823; x_wconf 72' lang='lat' dir='ltr'>pasti83</span> <span class='ocrx_word' id='word_1_189' title='bbox 979 1771 1118 1810; x_wconf 80' lang='lat' dir='ltr'>accidit</span> <span class='ocrx_word' id='word_1_190' title='bbox 1161 1778 1206 1811; x_wconf 85' lang='lat' dir='ltr'>vt</span> <span class='ocrx_word' id='word_1_191' title='bbox 1237 1784 1401 1824; x_wconf 86' lang='lat' dir='ltr'>omnes,</span> 
     </span>
     <span class='ocr_line' id='line_1_27' title="bbox 115 1832 1399 1887; baseline 0.001 -13"><span class='ocrx_word' id='word_1_192' title='bbox 115 1834 156 1874; x_wconf 91' lang='lat' dir='ltr'>in</span> <span class='ocrx_word' id='word_1_193' title='bbox 190 1834 319 1887; x_wconf 85' lang='lat' dir='ltr'>quibus</span> <span class='ocrx_word' id='word_1_194' title='bbox 350 1832 454 1885; x_wconf 86' lang='lat' dir='ltr'>spem</span> <span class='ocrx_word' id='word_1_195' title='bbox 487 1832 798 1883; x_wconf 77' lang='lat' dir='ltr'>collocaueram‚</span> <span class='ocrx_word' id='word_1_196' title='bbox 830 1843 1192 1886; x_wconf 88' lang='lat' dir='ltr'>corrumperentur,</span> <span class='ocrx_word' id='word_1_197' title='bbox 1227 1835 1293 1875; x_wconf 87' lang='lat' dir='ltr'>etsi</span> <span class='ocrx_word' id='word_1_198' title='bbox 1311 1844 1399 1875; x_wconf 85' lang='lat' dir='ltr'>tan-</span> 
     </span>
     <span class='ocr_line' id='line_1_28' title="bbox 117 1895 1401 1948; baseline 0.002 -12"><span class='ocrx_word' id='word_1_199' title='bbox 117 1906 178 1937; x_wconf 84' lang='lat' dir='ltr'>tus</span> <span class='ocrx_word' id='word_1_200' title='bbox 209 1897 304 1936; x_wconf 73' lang='lat' dir='ltr'>esset</span> <span class='ocrx_word' id='word_1_201' title='bbox 336 1896 528 1935; x_wconf 84' lang='lat' dir='ltr'>malorum</span> <span class='ocrx_word' id='word_1_202' title='bbox 561 1905 712 1948; x_wconf 89' lang='lat' dir='ltr'>praeter</span> <span class='ocrx_word' id='word_1_203' title='bbox 743 1895 923 1935; x_wconf 87' lang='lat' dir='ltr'>omnium</span> <span class='ocrx_word' id='word_1_204' title='bbox 958 1908 1009 1935; x_wconf 89' lang='lat' dir='ltr'>ex</span> <span class='ocrx_word' id='word_1_205' title='bbox 1041 1897 1107 1936; x_wconf 76' lang='lat' dir='ltr'>illa</span> <span class='ocrx_word' id='word_1_206' title='bbox 1140 1897 1284 1937; x_wconf 91' lang='lat' dir='ltr'>florum</span> <span class='ocrx_word' id='word_1_207' title='bbox 1306 1896 1401 1939; x_wconf 77' lang='lat' dir='ltr'>stra-</span> 
     </span>
     <span class='ocr_line' id='line_1_29' title="bbox 113 1957 1399 2013; baseline 0.002 -15"><span class='ocrx_word' id='word_1_208' title='bbox 113 1971 164 2013; x_wconf 83' lang='lat' dir='ltr'>ge</span> <span class='ocrx_word' id='word_1_209' title='bbox 206 1959 496 2012; x_wconf 88' lang='lat' dir='ltr'>propemodum</span> <span class='ocrx_word' id='word_1_210' title='bbox 550 1957 754 1998; x_wconf 78' lang='lat' dir='ltr'>vuiuersali</span> <span class='ocrx_word' id='word_1_211' title='bbox 795 1957 894 1998; x_wconf 85' lang='lat' dir='ltr'>nihil</span> <span class='ocrx_word' id='word_1_212' title='bbox 935 1959 1028 1998; x_wconf 87' lang='lat' dir='ltr'>boni</span> <span class='ocrx_word' id='word_1_213' title='bbox 1079 1958 1399 2012; x_wconf 72' lang='lat' dir='ltr'>praestigientium</span> 
     </span>
     <span class='ocr_line' id='line_1_30' title="bbox 115 2021 1399 2076; baseline 0.002 -14"><span class='ocrx_word' id='word_1_214' title='bbox 115 2022 431 2076; x_wconf 68' lang='lat' dir='ltr'>expestrtionem</span> <span class='ocrx_word' id='word_1_215' title='bbox 463 2031 693 2076; x_wconf 88' lang='lat' dir='ltr'>prouentus,</span> <span class='ocrx_word' id='word_1_216' title='bbox 727 2029 913 2075; x_wconf 84' lang='lat' dir='ltr'>quantum</span> <span class='ocrx_word' id='word_1_217' title='bbox 949 2021 1028 2062; x_wconf 85' lang='lat' dir='ltr'>alio</span> <span class='ocrx_word' id='word_1_218' title='bbox 1060 2035 1163 2064; x_wconf 80' lang='lat' dir='ltr'>anno</span> <span class='ocrx_word' id='word_1_219' title='bbox 1193 2022 1298 2064; x_wconf 84' lang='lat' dir='ltr'>fuiffe</span> <span class='ocrx_word' id='word_1_220' title='bbox 1327 2036 1399 2064; x_wconf 84' lang='lat' dir='ltr'>ne—</span> 
     </span>
    </p>
   </div>
   <div class='ocr_carea' id='block_1_4' title="bbox 119 2081 1402 2128">
    <p class='ocr_par' dir='ltr' id='par_1_4' title="bbox 119 2081 1402 2128">
     <span class='ocr_line' id='line_1_31' title="bbox 119 2081 1402 2128; baseline 0.001 -2"><span class='ocrx_word' id='word_1_221' title='bbox 119 2084 227 2126; x_wconf 89' lang='lat' dir='ltr'>Tom.</span> <span class='ocrx_word' id='word_1_222' title='bbox 262 2082 394 2127; x_wconf 84' lang='lat' dir='ltr'><strong><em>VIII.</em></strong></span> <span class='ocrx_word' id='word_1_223' title='bbox 772 2081 835 2125; x_wconf 94' lang='lat' dir='ltr'>Cc</span> <span class='ocrx_word' id='word_1_224' title='bbox 1330 2098 1402 2128; x_wconf 89' lang='lat' dir='ltr'>mo</span> 
     </span>
    </p>
   </div>
  </div>
 </body>
</html>
