1941 2674
402 74 470 115 IN
502 73 674 116 TVBIS
706 72 1139 116 CAPILLARIBVS.
1363 77 1449 125 289

138 189 305 230 resistcre
351 190 389 230 vi
435 191 546 231 alteri
587 191 823 241 attracti-ici,
873 203 968 243 quae
1011 189 1345 231 sollicitationibus
1379 190 1453 231 suis

133 263 198 291 ant
252 252 443 292 ascensum
490 253 644 295 efficere
686 264 750 294 aut
795 252 1011 293 descensum
1059 254 1248 305 impedire
1299 253 1447 294 nititur.

133 313 374 354 Canalicnlus
409 318 566 369 quidem
590 318 727 356 virtute
751 316 842 356 vitri
862 315 1060 355 attrac‘tiua
1088 315 1293 355 cohibetur
1313 315 1449 354 omni-

133 389 212 427 no,
247 389 360 430 atque
393 381 491 418 adeo
525 379 689 418 firmiter
728 379 1006 431 agglutinatur,
1047 388 1090 417 vt
1113 372 1342 432 ponderesuo
1355 385 1460 431 pro-0-

124 442 212 492 prio
243 440 371 479 diuelli
408 451 447 480 et
482 441 703 481 descendere
724 449 881 494 nequeat
916 441 1003 485 (Pr.
1024 440 1141 480 XIV.
1163 439 1341 490 Cor.1.).
1379 439 1448 480 Est

129 505 236 541 enim
274 502 450 542 crassities
482 504 681 542 canaliculi
722 505 886 543 minima
919 503 1006 548 (Pr.
1029 502 1125 543 XV.
1148 500 1243 542 Cor.
1267 507 1358 553 2.),
1408 510 1449 542 et

127 565 410 617 pondusculum
442 566 522 604 eius
557 565 728 617 respectu
748 567 804 605 vis
829 565 1051 605 attracftricis
1079 566 1314 617 minimum,
1351 573 1447 617 pot·

127 627 183 666 est
220 628 334 678 igitur
372 627 438 665 ille
474 627 708 667 canaliculus
743 626 909 675 censeri,
946 627 1045 679 quasi
1081 628 1254 679 pondere
1280 634 1442 666 careret.

127 686 195 728 De
231 689 447 738 cylindrulo
480 699 606 729 autem
645 689 779 728 medio
811 689 922 741 qu
957 688 1070 728 aliter
1107 689 1343 727 statuendum
1375 687 1452 727 est.-

125 749 199 791 Ille
230 752 336 790 enim
371 751 448 789 iam
483 763 563 789 non
595 752 780 789 retinetur
816 751 858 788 vi
891 750 1091 789 attratstiua
1127 750 1244 798 vitri,
1278 749 1336 788 sed
1364 759 1443 800 ope

124 812 365 852 cohaesionis
400 822 557 852 mutuae
594 811 868 864 particularum
914 823 1122 864 aquearum
1167 811 1307 863 (Prop.
1340 810 1441 850 XV.
1469 826 1474 829 ’

125 872 222 914 Cor.
244 879 341 925 4.),
393 884 432 913 et
466 872 584 913 maffa
615 874 673 913 sna
708 872 869 913 maffiim
897 873 1099 913 canaliculi
1136 873 1308 926 superat,
1348 872 1439 912 hinc

122 945 165 976 et
202 937 352 989 pondus
388 937 510 976 maius
546 936 685 986 habet,
733 946 773 975 et
811 937 850 976 vi
897 936 1082 988 ponderis
1119 935 1171 974 sui
1220 934 1454 974 coh-aelioni-

123 998 183 1039 isti
215 999 358 1039 resistit.
421 997 501 1039 Sed
540 1000 625 1051 quia
661 997 757 1037 haec
789 1010 872 1047 res,
910 1006 993 1037 vtut
1021 996 1250 1047 clarissima,
1287 996 1451 1036 dubita-.

122 1061 293 1102 tionibus
330 1070 460 1100 tamen
497 1061 670 1100 obnoxia
706 1059 802 1099 fasta
838 1060 910 1100 est:
948 1060 996 1100 ad
1015 1060 1297 1112 experientiam
1318 1058 1451 1112 ipsam-

125 1135 409 1177 prouocamus,
442 1135 536 1175 quae
570 1123 618 1162 de
657 1121 868 1175 praesentia
895 1121 1002 1161 huius
1029 1122 1296 1174 grauitationis
1317 1130 1356 1160 et
1374 1133 1441 1160 re·-

124 1185 308 1227 sistentiae
328 1185 474 1225 abunde
494 1185 660 1224 testatur.
731 1197 769 1223 1.
793 1183 833 1224 Si
854 1184 960 1223 enim
982 1184 1156 1225 tubulum
1174 1215 1185 1236 ,
1218 1185 1282 1237 qui
1302 1195 1557 1237 aquamssssxper.
1581 1189 1627 1221 ιε.

123 1249 172 1288 ad
209 1246 459 1288 sufficientem
496 1247 742 1286 altitudinem
781 1245 814 1286 C
826 1245 868 1286 D
901 1247 1086 1297 attraxit,
1122 1247 1307 1286 inuertas:
1340 1258 1435 1298 aqua
1461 1243 1561 1278 Qum
1582 1246 1632 1275 ¹³·

124 1310 285 1350 attracta
323 1322 402 1348 non
439 1309 569 1349 haeret
604 1309 797 1362 quiescens
835 1310 872 1348 in
909 1309 1102 1360 superiore
1137 1308 1258 1348 tubuli
1302 1319 1435 1361 parte,

125 1370 186 1412 sed
229 1384 361 1412 reuera
400 1372 588 1412 descendit
623 1384 741 1424 vsque
777 1372 825 1411 ad
861 1369 1060 1411 orificium
1097 1371 1268 1410 inferius.
1333 1382 1373 1410 2.
1395 1368 1435 1410 Si
1457 1384 1564 1419 ηιμ-γ.
1586 1387 1633 1417 19·

126 1434 303 1474 tubulum
342 1433 566 1487 profundius
603 1434 838 1486 immergas,
871 1442 915 1473 vt
949 1433 1034 1485 plus
1052 1445 1169 1485 aquae
1191 1431 1272 1474 CE
1289 1433 1434 1486 capiat,
1474 1434 1607 1471 Fig.19·

125 1508 240 1548 quam
279 1508 347 1549 per
378 1496 650 1536 attractionem
685 1497 856 1548 recipcre
889 1496 1035 1549 potest·
1074 1506 1156 1535 tum
1194 1505 1353 1535 remoto
1372 1505 1461 1552 tu·¹

124 1558 219 1599 bulo
250 1571 302 1598 ex
339 1558 424 1598 vase
459 1559 590 1598 omnis
624 1572 717 1611 aqna
750 1557 934 1610 superflua
972 1557 1060 1598 ΕΙ)
1097 1559 1315 1610 descendit,
1359 1559 1435 1598 do-

124 1633 195 1660 nec
234 1622 375 1661 iterum
413 1621 459 1661 ad
494 1622 738 1660 altitudinem
775 1621 944 1660 debitam
965 1618 998 1659 C
1007 1619 1048 1660 D
1070 1621 1259 1674 peruenit.
1329 1634 1370 1671 3.
1391 1617 1433 1660 Si
1454 1636 1561 1671 Exper.
1583 1631 1633 1661 ,σε

123 1682 325 1735 tubulum,
371 1684 434 1736 qui
481 1683 843 1736 perpendiculariter
886 1683 1032 1723 erestus
1075 1696 1213 1735 aquam
1259 1683 1306 1723 ad
1351 1681 1434 1723 AB
1480 1685 1610 1720 fig-²0·

122 1745 270 1795 hausit,
304 1746 351 1786 ad
388 1746 638 1786 horizontem
675 1744 938 1799 inclinaueris3
973 1757 1068 1797 aqua
1101 1745 1140 1784 in
1183 1745 1317 1785 tubulo
1363 1746 1435 1784 de-

124 1819 205 1847 nuo
242 1809 484 1860 progreditur
519 1820 569 1847 co
607 1820 748 1858 vsqne,
783 1808 908 1847 donec
941 1807 1103 1846 altitudo
1143 1802 1435 1860 perpendicula·-

122 1871 175 1910 ris
209 1869 297 1910 DE
335 1872 456 1923 (qnae
489 1871 536 1910 ad
571 1870 856 1922 longitudinem
890 1869 972 1909 tubi
1016 1868 1101 1909 BD
1142 1869 1177 1908 se
1220 1869 1359 1920 habet,
1390 1867 1436 1909 vt

122 1932 219 1972 finus
252 1932 373 1972 rectus
410 1933 538 1985 anguli
575 1933 802 1972 eleuationis
832 1930 964 1972 DBE
1000 1932 1047 1972 ad
1095 1932 1267 1983 radium)
1297 1931 1433 1971 altitu-

121 1993 205 2033 dini
251 1996 430 2047 pristinae
473 1995 640 2050 aequalis
686 1993 815 2035 fuerit.
909 1994 976 2035 An
1007 1994 1125 2050 igitur
1161 1995 1335 2049 (Exper.
1365 1996 1431 2044 1.)

122 2055 227 2098 Tam.
261 2057 392 2099 VIII.
765 2056 843 2098 Οο
1336 2057 1434 2098 sun-
