1941 2674
468 91 487 119 1
498 89 556 130 30
761 73 882 118 ΞΟΠ
886 75 907 97 f
908 74 969 116 TI
973 73 1010 116 O
1042 70 1312 116 PROBLEM
1316 73 1416 116 ΑΤΙ
1419 73 1449 115 S

457 194 661 248 largiatur,
696 202 815 245 quam
836 190 1026 241 ostendat,
1065 200 1197 230 vtrum
1219 190 1301 229 talis
1320 187 1442 229 cursus
1461 189 1604 228 institui
1627 200 1758 243 qneatv

470 271 521 299 an
554 255 681 308 secus3
716 253 836 293 talem
878 253 986 292 enim
1027 253 1263 293 methodum
1305 252 1432 293 multo
1475 252 1758 305 simpliciorem

464 321 550 363 fore
581 317 661 359 sum
694 316 907 370 suspicatus.

585 414 619 463 ξ.
653 424 696 462 4.
729 409 915 451 Innititur
950 418 1082 451 autem
1114 420 1196 451 tota
1230 421 1318 450 mea
1364 410 1573 450 methodus
1613 410 1764 450 idoneo

469 476 595 519 modo
627 474 793 528 singulos
827 475 1011 528 pontium
1034 475 1208 515 transitus
1235 473 1475 526 designandi,
1513 474 1552 512 in
1571 485 1648 525 quo
1671 483 1760 513 vtor

470 539 611 581 litteris
642 538 865 579 maiusculis
896 538 959 588 A,
979 535 1113 590 B,C‚
1134 536 1202 589 D,
1234 536 1387 589 singulis
1429 537 1649 590 regionibus
1689 537 1759 576 ad·

468 602 643 655 scriptis,
675 613 771 654 quae
803 600 967 640 flumine
1000 599 1083 640 sunt
1113 599 1315 653 separatae.
1383 599 1441 640 Ita
1473 600 1499 640 fi
1530 600 1608 652 quis
1627 610 1678 638 ex
1697 611 1762 639 re·-

472 667 592 719 gione
627 664 667 704 A
700 665 740 703 in
774 664 976 716 regionem
997 662 1031 703 B
1050 664 1298 716 transmigrat
1317 675 1386 716 per
1405 672 1567 716 pontem
1588 675 1615 703 a
1631 661 1702 702 fiue
1722 662 1763 714 b,

471 728 576 769 hunc
610 726 803 768 transitum
840 727 989 766 denoto
1020 726 1159 766 litteris
1190 724 1301 776 AB,
1334 738 1491 779 quarum
1520 726 1629 779 prior
1647 737 1762 778 prae-

473 791 541 831 bet
572 791 777 843 regionem
811 801 863 830 ex
895 802 967 842 qua
999 790 1149 830 exi-erat
1182 790 1327 840 viator,
1361 789 1549 841 posterior
1582 800 1679 828 vero
1699 788 1763 829 dat

472 854 678 906 regionem
718 852 760 892 in
805 864 920 906 qua-m
961 862 1124 906 pontem
1167 850 1413 904 transgressus
1463 854 1652 904 peruenit.
1719 850 1763 891 Si

474 917 656 970 deinceps
687 916 816 956 viator
848 926 898 955 ex
930 915 1090 968 regione
1122 913 1157 954 B
1191 915 1303 954 abeat
1336 914 1377 954 in
1408 915 1612 967 regionem
1633 913 1674 955 D
1695 926 1764 965 per

474 989 640 1034 pontem
663 978 714 1034 f,
760 977 826 1018 hic
867 978 1047 1018 transitus
1085 976 1425 1031 repraesentabitur
1465 977 1602 1016 litteris
1641 975 1762 1028 BDg

472 1043 571 1083 duos
603 1051 733 1083 autem
766 1040 838 1081 hos
868 1041 1040 1082 transitus
1069 1039 1266 1081 succeffiue
1301 1039 1492 1079 institutos
1524 1039 1609 1080 AB
1629 1049 1669 1079 et
1686 1037 1766 1079 BD

475 1106 624 1146 denoto
657 1113 809 1144 tan-tum
842 1104 963 1144 tribus
994 1103 1131 1145 litteris
1160 1101 1317 1154 ABE,
1350 1102 1439 1156 quia
1471 1102 1603 1143 media
1634 1100 1668 1142 B
1694 1102 1770 1142 de-

475 1168 599 1221 fignat
632 1176 714 1208 tam
746 1167 968 1219 regionem,
1001 1167 1041 1206 in
1076 1179 1191 1221 quam
1226 1166 1359 1219 primo
1390 1165 1543 1206 transitu
1563 1166 1768 1219 peruenit,

478 1243 593 1286 quam
629 1231 833 1283 regionem
868 1241 921 1269 ex
955 1240 1028 1284 qua
1059 1231 1184 1271 altero
1218 1229 1377 1270 transitu
1409 1229 1506 1270 exit.

597 1318 635 1367 §.
671 1334 710 1373 3.
746 1320 880 1365 Simili
913 1324 1040 1365 modo
1072 1323 1100 1365 fi
1131 1324 1262 1365 viator
1292 1335 1345 1364 ex
1384 1323 1545 1377 regione
1585 1322 1630 1365 D
1669 1336 1767 1379 pro·-

478 1387 673 1442 grediatur
704 1387 747 1427 in
780 1388 986 1441 regionem
1019 1384 1055 1428 C
1088 1398 1158 1441 per
1191 1395 1355 1441 pontem
1365 1399 1419 1440 g,
1452 1385 1524 1427 hos
1549 1396 1626 1428 tres
1643 1396 1773 1429 trans*

478 1453 554 1492 itus
587 1449 781 1491 succeffiue
814 1449 935 1492 fastos
965 1459 1129 1504 quatuor
1161 1450 1301 1491 litteris
1330 1447 1514 1492 ABDC
1555 1451 1770 1493 denotabo.

480 1514 549 1555 Ex
581 1513 643 1554 his
671 1514 779 1554 enlm
812 1523 976 1567 quatuor
1006 1513 1142 1554 litteris
1177 1510 1361 1554 ABDG
1406 1513 1644 1565 intelligetur
1687 1515 1775 1556 via-

481 1585 613 1617 torem
644 1577 776 1630 primo
809 1578 851 1617 in
882 1577 1043 1629 regione
1075 1576 1115 1616 A
1146 1576 1377 1617 existentem
1408 1576 1584 1617 tranfiisse
1623 1577 1663 1617 in
1705 1590 1772 1618 re-

482 1641 640 1693 gionem
675 1639 733 1691 13,
766 1640 858 1680 hinc
891 1638 967 1680 effe
1000 1635 1238 1693 progressum
1280 1641 1321 1680 in
1359 1640 1562 1693 regionem
1603 1638 1672 1692 D,
1714 1652 1767 1683 ex

483 1702 629 1755 hacque
661 1704 760 1743 vltra
793 1700 868 1742 ess‘e
901 1701 1118 1756 profestum
1151 1702 1192 1741 in
1224 1700 1277 1742 C:
1318 1715 1410 1743 cum
1451 1715 1548 1743 vero
1588 1701 1663 1743 hae
1704 1715 1768 1743 re-

482 1767 620 1818 giones
651 1766 782 1805 fluuiis
812 1766 887 1805 srnt
920 1778 941 1805 a
984 1765 1019 1804 se
1060 1764 1233 1805 inuicem
1269 1765 1484 1818 separatae,
1527 1764 1674 1807 necesse
1718 1766 1774 1808 est

483 1837 530 1868 vt
562 1829 690 1868 viator
723 1837 799 1867 tres
830 1837 968 1881 pontes
997 1828 1203 1867 transierit.
1270 1826 1336 1868 Sic
1370 1829 1549 1869 transitus
1583 1842 1654 1883 per
1674 1842 1773 1883 qna-

483 1900 574 1931 tuor
608 1899 748 1944 pontes
781 1890 979 1932 succeffiue
1019 1890 1178 1931 instituti
1218 1893 1384 1945 quinque
1425 1891 1566 1933 litteris
1606 1893 1774 1933 denota-

484 1953 649 2006 buntur;
684 1961 722 1994 et
753 1953 781 1994 fi
812 1954 941 1994 viator
973 1963 1078 1994 trans
1110 1963 1360 2008 quotcunque
1392 1964 1528 2009 pontes
1559 1965 1647 2001 eat,
1689 1955 1775 1996 eius

485 2017 671 2071 migratio
705 2028 774 2073 per
804 2016 1024 2061 litterarum
1054 2029 1260 2060 numerum
1274 2048 1289 2073 ,
1319 2018 1387 2075 qui
1420 2019 1569 2061 vnitate
1603 2018 1658 2061 est
1682 2030 1773 2060 ma-

1706 2092 1774 2122 101·
