<?xml version="1.0" encoding="UTF-8"?>
<!DOCTYPE html PUBLIC "-//W3C//DTD XHTML 1.0 Transitional//EN"
    "http://www.w3.org/TR/xhtml1/DTD/xhtml1-transitional.dtd">
<html xmlns="http://www.w3.org/1999/xhtml" xml:lang="en" lang="en">
 <head>
  <title>
</title>
<meta http-equiv="Content-Type" content="text/html;charset=utf-8" />
  <meta name='ocr-system' content='tesseract 3.04.00' />
  <meta name='ocr-capabilities' content='ocr_page ocr_carea ocr_par ocr_line ocrx_word'/>
</head>
<body>
  <div class='ocr_page' id='page_1' title='image "./commentariiacade08impe_0492.png"; bbox 0 0 1941 2674; ppageno 0'>
   <div class='ocr_carea' id='block_1_1' title="bbox 499 70 1436 130">
    <p class='ocr_par' dir='ltr' id='par_1_1' title="bbox 499 70 1436 130">
     <span class='ocr_line' id='line_1_1' title="bbox 499 70 1436 130; baseline -0.002 -14"><span class='ocrx_word' id='word_1_1' title='bbox 499 81 586 130; x_wconf 75' lang='lat'>428</span> <span class='ocrx_word' id='word_1_2' title='bbox 808 70 1103 116; x_wconf 76' lang='lat' dir='ltr'><strong><em>ORIGINES</em></strong></span> <span class='ocrx_word' id='word_1_3' title='bbox 1137 70 1436 117; x_wconf 75' lang='lat' dir='ltr'><em>RVSSICAE.</em></span> 
     </span>
    </p>
   </div>
   <div class='ocr_carea' id='block_1_2' title="bbox 486 186 1785 1056">
    <p class='ocr_par' dir='ltr' id='par_1_2' title="bbox 486 186 1785 1056">
     <span class='ocr_line' id='line_1_2' title="bbox 495 186 1777 245; baseline -0.002 -11"><span class='ocrx_word' id='word_1_4' title='bbox 495 204 563 234; x_wconf 83' lang='lat' dir='ltr'>nos</span> <span class='ocrx_word' id='word_1_5' title='bbox 593 186 807 236; x_wconf 78' lang='lat' dir='ltr'>Ziemianie</span> <span class='ocrx_word' id='word_1_6' title='bbox 827 221 837 241; x_wconf 95' lang='lat'>,</span> <span class='ocrx_word' id='word_1_7' title='bbox 877 190 1065 245; x_wconf 68' lang='lat' dir='ltr'>terrestres</span> <span class='ocrx_word' id='word_1_8' title='bbox 1098 190 1265 230; x_wconf 90' lang='lat' dir='ltr'>dicuntur</span> <span class='ocrx_word' id='word_1_9' title='bbox 1295 190 1341 230; x_wconf 82' lang='lat' dir='ltr'>ab</span> <span class='ocrx_word' id='word_1_10' title='bbox 1374 191 1470 242; x_wconf 79' lang='lat' dir='ltr'>agris</span> <span class='ocrx_word' id='word_1_11' title='bbox 1491 190 1508 240; x_wconf 68' lang='lat'>,&#39;</span> <span class='ocrx_word' id='word_1_12' title='bbox 1542 203 1633 243; x_wconf 84' lang='lat' dir='ltr'>quos</span> <span class='ocrx_word' id='word_1_13' title='bbox 1665 192 1777 243; x_wconf 78' lang='lat' dir='ltr'>poffi-</span> 
     </span>
     <span class='ocr_line' id='line_1_3' title="bbox 497 250 1778 308; baseline -0.002 -13"><span class='ocrx_word' id='word_1_14' title='bbox 497 257 610 304; x_wconf 86' lang='lat' dir='ltr'>dent,</span> <span class='ocrx_word' id='word_1_15' title='bbox 653 255 753 308; x_wconf 89' lang='lat' dir='ltr'>quod</span> <span class='ocrx_word' id='word_1_16' title='bbox 785 254 880 293; x_wconf 91' lang='lat' dir='ltr'>item</span> <span class='ocrx_word' id='word_1_17' title='bbox 912 266 1054 293; x_wconf 89' lang='lat' dir='ltr'>nouum</span> <span class='ocrx_word' id='word_1_18' title='bbox 1088 253 1244 292; x_wconf 78' lang='lat' dir='ltr'>videtur.</span> <span class='ocrx_word' id='word_1_19' title='bbox 1326 250 1617 306; x_wconf 86' lang='lat' dir='ltr'>Christophorus</span> <span class='ocrx_word' id='word_1_20' title='bbox 1647 254 1683 293; x_wconf 86' lang='lat' dir='ltr'>V</span> <span class='ocrx_word' id='word_1_21' title='bbox 1688 254 1778 293; x_wconf 62' lang='lat' dir='ltr'>arse-</span> 
     </span>
     <span class='ocr_line' id='line_1_4' title="bbox 494 315 1782 367; baseline -0.002 -9"><span class='ocrx_word' id='word_1_22' title='bbox 494 319 608 358; x_wconf 82' lang='lat' dir='ltr'>nicius</span> <span class='ocrx_word' id='word_1_23' title='bbox 641 320 725 367; x_wconf 89' lang='lat' dir='ltr'>(m)</span> <span class='ocrx_word' id='word_1_24' title='bbox 756 317 805 355; x_wconf 83' lang='lat' dir='ltr'>ita</span> <span class='ocrx_word' id='word_1_25' title='bbox 835 316 950 356; x_wconf 81' lang='lat' dir='ltr'>etiam</span> <span class='ocrx_word' id='word_1_26' title='bbox 984 316 1309 367; x_wconf 83' lang='lat' dir='ltr'>Nouogrodienses</span> <span class='ocrx_word' id='word_1_27' title='bbox 1352 315 1494 355; x_wconf 85' lang='lat' dir='ltr'>nobiles</span> <span class='ocrx_word' id='word_1_28' title='bbox 1534 316 1600 355; x_wconf 75' lang='lat' dir='ltr'>sese</span> <span class='ocrx_word' id='word_1_29' title='bbox 1644 329 1782 356; x_wconf 77' lang='lat' dir='ltr'>vocare</span> 
     </span>
     <span class='ocr_line' id='line_1_5' title="bbox 494 378 1777 431; baseline -0.002 -10"><span class='ocrx_word' id='word_1_30' title='bbox 494 381 672 421; x_wconf 76' lang='lat' dir='ltr'>testatur:</span> <span class='ocrx_word' id='word_1_31' title='bbox 724 378 958 419; x_wconf 90' lang='lat' dir='ltr'>Polonorum</span> <span class='ocrx_word' id='word_1_32' title='bbox 991 379 1118 431; x_wconf 86' lang='lat' dir='ltr'>vtique</span> <span class='ocrx_word' id='word_1_33' title='bbox 1148 379 1374 418; x_wconf 79' lang='lat' dir='ltr'>imitatione.</span> <span class='ocrx_word' id='word_1_34' title='bbox 1468 378 1593 418; x_wconf 84' lang='lat' dir='ltr'>Isthuc</span> <span class='ocrx_word' id='word_1_35' title='bbox 1628 389 1777 429; x_wconf 73' lang='lat' dir='ltr'>autem,</span> 
     </span>
     <span class='ocr_line' id='line_1_6' title="bbox 494 440 1782 496; baseline -0.001 -14"><span class='ocrx_word' id='word_1_36' title='bbox 494 443 595 496; x_wconf 91' lang='lat' dir='ltr'>quod</span> <span class='ocrx_word' id='word_1_37' title='bbox 628 454 725 482; x_wconf 88' lang='lat' dir='ltr'>nunc</span> <span class='ocrx_word' id='word_1_38' title='bbox 765 443 937 482; x_wconf 86' lang='lat' dir='ltr'><strong>maxime</strong></span> <span class='ocrx_word' id='word_1_39' title='bbox 968 442 1007 481; x_wconf 93' lang='lat' dir='ltr'>in</span> <span class='ocrx_word' id='word_1_40' title='bbox 1038 442 1102 481; x_wconf 88' lang='lat' dir='ltr'>vsu</span> <span class='ocrx_word' id='word_1_41' title='bbox 1131 441 1184 481; x_wconf 87' lang='lat' dir='ltr'>est</span> <span class='ocrx_word' id='word_1_42' title='bbox 1218 444 1315 494; x_wconf 70' lang='lat' dir='ltr'>apud</span> <span class='ocrx_word' id='word_1_43' title='bbox 1350 440 1514 480; x_wconf 90' lang='lat' dir='ltr'>Polonos</span> <span class='ocrx_word' id='word_1_44' title='bbox 1546 441 1676 481; x_wconf 85' lang='lat' dir='ltr'>nobilis</span> <span class='ocrx_word' id='word_1_45' title='bbox 1707 443 1782 481; x_wconf 80' lang='lat' dir='ltr'>viri</span> 
     </span>
     <span class='ocr_line' id='line_1_7' title="bbox 494 502 1783 557; baseline 0 -11"><span class='ocrx_word' id='word_1_46' title='bbox 494 516 636 546; x_wconf 88' lang='lat' dir='ltr'>nomen</span> <span class='ocrx_word' id='word_1_47' title='bbox 654 503 854 546; x_wconf 75' lang='lat' dir='ltr'><em>Szlachcic</em></span> <span class='ocrx_word' id='word_1_48' title='bbox 878 514 916 544; x_wconf 88' lang='lat' dir='ltr'>et</span> <span class='ocrx_word' id='word_1_49' title='bbox 939 505 1023 544; x_wconf 90' lang='lat' dir='ltr'>inde</span> <span class='ocrx_word' id='word_1_50' title='bbox 1041 516 1185 557; x_wconf 89' lang='lat' dir='ltr'>quoque</span> <span class='ocrx_word' id='word_1_51' title='bbox 1203 502 1304 557; x_wconf 82' lang='lat' dir='ltr'>apud</span> <span class='ocrx_word' id='word_1_52' title='bbox 1315 503 1507 551; x_wconf 82' lang='lat' dir='ltr'>Rutenos,</span> <span class='ocrx_word' id='word_1_53' title='bbox 1534 517 1553 544; x_wconf 84' lang='lat' dir='ltr'>a</span> <span class='ocrx_word' id='word_1_54' title='bbox 1571 502 1783 546; x_wconf 76' lang='lat' dir='ltr'>Schlachta</span> 
     </span>
     <span class='ocr_line' id='line_1_8' title="bbox 494 566 1782 620; baseline 0 -12"><span class='ocrx_word' id='word_1_55' title='bbox 494 568 553 608; x_wconf 72' lang='lat' dir='ltr'>{eu</span> <span class='ocrx_word' id='word_1_56' title='bbox 575 579 738 620; x_wconf 83' lang='lat' dir='ltr'><em>genere,</em></span> <span class='ocrx_word' id='word_1_57' title='bbox 782 576 908 608; x_wconf 91' lang='lat' dir='ltr'>totum</span> <span class='ocrx_word' id='word_1_58' title='bbox 942 567 996 607; x_wconf 90' lang='lat' dir='ltr'>est</span> <span class='ocrx_word' id='word_1_59' title='bbox 1028 567 1306 616; x_wconf 85' lang='lat' dir='ltr'>Teutonicum,</span> <span class='ocrx_word' id='word_1_60' title='bbox 1340 567 1439 619; x_wconf 89' lang='lat' dir='ltr'>quod</span> <span class='ocrx_word' id='word_1_61' title='bbox 1472 566 1654 607; x_wconf 77' lang='lat' dir='ltr'>Martinus</span> <span class='ocrx_word' id='word_1_62' title='bbox 1683 566 1782 608; x_wconf 87' lang='lat' dir='ltr'>Cro-</span> 
     </span>
     <span class='ocr_line' id='line_1_9' title="bbox 496 628 1781 671; baseline -0.001 0"><span class='ocrx_word' id='word_1_63' title='bbox 496 644 621 671; x_wconf 90' lang='lat' dir='ltr'>merus</span> <span class='ocrx_word' id='word_1_64' title='bbox 652 631 729 669; x_wconf 81' lang='lat' dir='ltr'>iam</span> <span class='ocrx_word' id='word_1_65' title='bbox 763 631 874 669; x_wconf 89' lang='lat' dir='ltr'>vidit.</span> <span class='ocrx_word' id='word_1_66' title='bbox 959 628 1086 669; x_wconf 79' lang='lat' dir='ltr'>Caufla</span> <span class='ocrx_word' id='word_1_67' title='bbox 1119 629 1270 669; x_wconf 82' lang='lat' dir='ltr'>huiusce</span> <span class='ocrx_word' id='word_1_68' title='bbox 1299 630 1352 668; x_wconf 83' lang='lat' dir='ltr'>rei</span> <span class='ocrx_word' id='word_1_69' title='bbox 1384 629 1571 669; x_wconf 65' lang='lat' dir='ltr'>manifest-„1</span> <span class='ocrx_word' id='word_1_70' title='bbox 1603 630 1674 670; x_wconf 86' lang='lat' dir='ltr'>est:</span> <span class='ocrx_word' id='word_1_71' title='bbox 1712 644 1781 670; x_wconf 80' lang='lat' dir='ltr'>ne-</span> 
     </span>
     <span class='ocr_line' id='line_1_10' title="bbox 495 692 1785 747; baseline 0.001 -14"><span class='ocrx_word' id='word_1_72' title='bbox 495 706 566 747; x_wconf 89' lang='lat' dir='ltr'>que</span> <span class='ocrx_word' id='word_1_73' title='bbox 593 694 699 733; x_wconf 89' lang='lat' dir='ltr'>enim</span> <span class='ocrx_word' id='word_1_74' title='bbox 726 693 897 732; x_wconf 80' lang='lat' dir='ltr'>nobilitas</span> <span class='ocrx_word' id='word_1_75' title='bbox 923 705 943 732; x_wconf 80' lang='lat' dir='ltr'>a</span> <span class='ocrx_word' id='word_1_76' title='bbox 970 693 1107 732; x_wconf 88' lang='lat' dir='ltr'>ciuibus</span> <span class='ocrx_word' id='word_1_77' title='bbox 1138 693 1268 731; x_wconf 86' lang='lat' dir='ltr'>ceteris</span> <span class='ocrx_word' id='word_1_78' title='bbox 1300 701 1360 732; x_wconf 80' lang='lat' dir='ltr'>aut</span> <span class='ocrx_word' id='word_1_79' title='bbox 1391 692 1500 744; x_wconf 87' lang='lat' dir='ltr'>plebe</span> <span class='ocrx_word' id='word_1_80' title='bbox 1534 692 1682 732; x_wconf 82' lang='lat' dir='ltr'>discerni</span> <span class='ocrx_word' id='word_1_81' title='bbox 1707 707 1785 734; x_wconf 71' lang='lat' dir='ltr'>vo-</span> 
     </span>
     <span class='ocr_line' id='line_1_11' title="bbox 493 754 1780 812; baseline 0.001 -16"><span class='ocrx_word' id='word_1_82' title='bbox 493 769 536 796; x_wconf 85' lang='lat' dir='ltr'>ce</span> <span class='ocrx_word' id='word_1_83' title='bbox 567 757 714 809; x_wconf 89' lang='lat' dir='ltr'>potuit,</span> <span class='ocrx_word' id='word_1_84' title='bbox 749 755 814 794; x_wconf 83' lang='lat' dir='ltr'>vbi</span> <span class='ocrx_word' id='word_1_85' title='bbox 845 756 883 794; x_wconf 90' lang='lat' dir='ltr'>in</span> <span class='ocrx_word' id='word_1_86' title='bbox 914 767 953 794; x_wconf 86' lang='lat' dir='ltr'>re</span> <span class='ocrx_word' id='word_1_87' title='bbox 983 755 1057 808; x_wconf 81' lang='lat' dir='ltr'>ipsa</span> <span class='ocrx_word' id='word_1_88' title='bbox 1093 754 1284 795; x_wconf 83' lang='lat' dir='ltr'>nihil—fuit</span> <span class='ocrx_word' id='word_1_89' title='bbox 1314 754 1508 794; x_wconf 89' lang='lat' dir='ltr'>diuersum.</span> <span class='ocrx_word' id='word_1_90' title='bbox 1591 757 1780 812; x_wconf 76' lang='lat' dir='ltr'>Quidquid</span> 
     </span>
     <span class='ocr_line' id='line_1_12' title="bbox 491 817 1773 870; baseline 0.002 -13"><span class='ocrx_word' id='word_1_91' title='bbox 491 817 684 862; x_wconf 85' lang='lat' dir='ltr'>Slauonici</span> <span class='ocrx_word' id='word_1_92' title='bbox 714 817 890 869; x_wconf 87' lang='lat' dir='ltr'>sanguinis</span> <span class='ocrx_word' id='word_1_93' title='bbox 920 817 1007 866; x_wconf 90' lang='lat' dir='ltr'>fuit,</span> <span class='ocrx_word' id='word_1_94' title='bbox 1044 818 1082 857; x_wconf 90' lang='lat' dir='ltr'>id</span> <span class='ocrx_word' id='word_1_95' title='bbox 1113 817 1272 857; x_wconf 89' lang='lat' dir='ltr'>liberum</span> <span class='ocrx_word' id='word_1_96' title='bbox 1304 827 1341 857; x_wconf 92' lang='lat' dir='ltr'>et</span> <span class='ocrx_word' id='word_1_97' title='bbox 1365 830 1433 869; x_wconf 90' lang='lat' dir='ltr'>per</span> <span class='ocrx_word' id='word_1_98' title='bbox 1458 817 1491 856; x_wconf 70' lang='lat' dir='ltr'>ie</span> <span class='ocrx_word' id='word_1_99' title='bbox 1519 818 1597 857; x_wconf 79' lang='lat' dir='ltr'>satis</span> <span class='ocrx_word' id='word_1_100' title='bbox 1629 820 1773 870; x_wconf 84' lang='lat' dir='ltr'>nobile,</span> 
     </span>
     <span class='ocr_line' id='line_1_13' title="bbox 486 878 1776 936; baseline 0.002 -16"><span class='ocrx_word' id='word_1_101' title='bbox 486 881 694 936; x_wconf 23' lang='lat' dir='ltr'>,communi</span> <span class='ocrx_word' id='word_1_102' title='bbox 729 880 904 919; x_wconf 90' lang='lat' dir='ltr'>omnium</span> <span class='ocrx_word' id='word_1_103' title='bbox 936 880 1026 919; x_wconf 90' lang='lat' dir='ltr'>iure.</span> <span class='ocrx_word' id='word_1_104' title='bbox 1101 878 1233 920; x_wconf 85' lang='lat' dir='ltr'>Seruus</span> <span class='ocrx_word' id='word_1_105' title='bbox 1265 892 1381 920; x_wconf 88' lang='lat' dir='ltr'>nemo</span> <span class='ocrx_word' id='word_1_106' title='bbox 1415 880 1479 919; x_wconf 79' lang='lat' dir='ltr'>nisi</span> <span class='ocrx_word' id='word_1_107' title='bbox 1514 881 1590 920; x_wconf 80' lang='lat' dir='ltr'>alio</span> <span class='ocrx_word' id='word_1_108' title='bbox 1622 893 1671 920; x_wconf 86' lang='lat' dir='ltr'>ex</span> <span class='ocrx_word' id='word_1_109' title='bbox 1705 895 1776 935; x_wconf 81' lang='lat' dir='ltr'>po-</span> 
     </span>
     <span class='ocr_line' id='line_1_14' title="bbox 493 941 1778 1000; baseline 0.004 -18"><span class='ocrx_word' id='word_1_110' title='bbox 493 942 589 995; x_wconf 88' lang='lat' dir='ltr'>pulo</span> <span class='ocrx_word' id='word_1_111' title='bbox 610 942 696 995; x_wconf 16' lang='lat' dir='ltr'>‘fine</span> <span class='ocrx_word' id='word_1_112' title='bbox 729 950 852 993; x_wconf 77' lang='lat' dir='ltr'>captus</span> <span class='ocrx_word' id='word_1_113' title='bbox 883 941 982 980; x_wconf 89' lang='lat' dir='ltr'>bello</span> <span class='ocrx_word' id='word_1_114' title='bbox 1013 941 1087 981; x_wconf 90' lang='lat' dir='ltr'>fiue</span> <span class='ocrx_word' id='word_1_115' title='bbox 1120 952 1283 994; x_wconf 85' lang='lat' dir='ltr'>emptus.</span> <span class='ocrx_word' id='word_1_116' title='bbox 1380 942 1507 997; x_wconf 77' lang='lat' dir='ltr'>Quare</span> <span class='ocrx_word' id='word_1_117' title='bbox 1541 943 1679 984; x_wconf 88' lang='lat' dir='ltr'>nobiles</span> <span class='ocrx_word' id='word_1_118' title='bbox 1711 946 1778 1000; x_wconf 74' lang='lat' dir='ltr'>ipsi</span> 
     </span>
     <span class='ocr_line' id='line_1_15' title="bbox 493 1003 1415 1056; baseline -0.005 -8"><span class='ocrx_word' id='word_1_119' title='bbox 493 1003 624 1056; x_wconf 83' lang='lat' dir='ltr'>Ruffi,</span> <span class='ocrx_word' id='word_1_120' title='bbox 656 1003 730 1045; x_wconf 82' lang='lat' dir='ltr'>alia</span> <span class='ocrx_word' id='word_1_121' title='bbox 759 1004 927 1044; x_wconf 90' lang='lat' dir='ltr'>conditio</span> <span class='ocrx_word' id='word_1_122' title='bbox 957 1004 1055 1044; x_wconf 81' lang='lat' dir='ltr'>nulla</span> <span class='ocrx_word' id='word_1_123' title='bbox 1087 1004 1152 1045; x_wconf 83' lang='lat' dir='ltr'>nisi</span> <span class='ocrx_word' id='word_1_124' title='bbox 1184 1005 1385 1045; x_wconf 67' lang='lat' dir='ltr'>seruorum.</span> <span class='ocrx_word' id='word_1_125' title='bbox 1414 1034 1415 1037; x_wconf 19' lang='grc' dir='ltr'>η</span> 
     </span>
    </p>
   </div>
   <div class='ocr_carea' id='block_1_3' title="bbox 493 1098 1782 2024">
    <p class='ocr_par' dir='ltr' id='par_1_3' title="bbox 493 1098 1782 1971">
     <span class='ocr_line' id='line_1_16' title="bbox 642 1098 1777 1150; baseline 0.002 -8"><span class='ocrx_word' id='word_1_126' title='bbox 642 1098 745 1142; x_wconf 88' lang='lat' dir='ltr'>Cum</span> <span class='ocrx_word' id='word_1_127' title='bbox 777 1098 877 1141; x_wconf 78' lang='lat' dir='ltr'>Slaui</span> <span class='ocrx_word' id='word_1_128' title='bbox 912 1099 982 1141; x_wconf 85' lang='lat' dir='ltr'>hac</span> <span class='ocrx_word' id='word_1_129' title='bbox 1015 1101 1229 1141; x_wconf 87' lang='lat' dir='ltr'>conditione</span> <span class='ocrx_word' id='word_1_130' title='bbox 1262 1101 1374 1141; x_wconf 75' lang='lat' dir='ltr'>essent</span> <span class='ocrx_word' id='word_1_131' title='bbox 1395 1130 1406 1150; x_wconf 91' lang='lat'><strong>‚</strong></span> <span class='ocrx_word' id='word_1_132' title='bbox 1455 1102 1548 1143; x_wconf 84' lang='lat' dir='ltr'>inter</span> <span class='ocrx_word' id='word_1_133' title='bbox 1582 1103 1616 1142; x_wconf 89' lang='lat' dir='ltr'>se</span> <span class='ocrx_word' id='word_1_134' title='bbox 1650 1113 1777 1145; x_wconf 83' lang='lat' dir='ltr'>autem</span> 
     </span>
     <span class='ocr_line' id='line_1_17' title="bbox 493 1163 1777 1218; baseline 0.002 -13"><span class='ocrx_word' id='word_1_135' title='bbox 493 1163 591 1205; x_wconf 84' lang='lat' dir='ltr'>bella</span> <span class='ocrx_word' id='word_1_136' title='bbox 617 1174 791 1217; x_wconf 83' lang='lat' dir='ltr'>gererent</span> <span class='ocrx_word' id='word_1_137' title='bbox 814 1164 940 1203; x_wconf 73' lang='lat' dir='ltr'>crebra</span> <span class='ocrx_word' id='word_1_138' title='bbox 967 1173 1004 1203; x_wconf 90' lang='lat' dir='ltr'>et</span> <span class='ocrx_word' id='word_1_139' title='bbox 1030 1165 1117 1203; x_wconf 80' lang='lat' dir='ltr'>alius</span> <span class='ocrx_word' id='word_1_140' title='bbox 1143 1164 1258 1204; x_wconf 81' lang='lat' dir='ltr'>alium</span> <span class='ocrx_word' id='word_1_141' title='bbox 1289 1164 1471 1218; x_wconf 75' lang='lat' dir='ltr'>populuS,</span> <span class='ocrx_word' id='word_1_142' title='bbox 1507 1178 1595 1217; x_wconf 87' lang='lat' dir='ltr'>gens</span> <span class='ocrx_word' id='word_1_143' title='bbox 1621 1179 1694 1206; x_wconf 85' lang='lat' dir='ltr'>vna</span> <span class='ocrx_word' id='word_1_144' title='bbox 1723 1167 1777 1207; x_wconf 81' lang='lat' dir='ltr'>al-</span> 
     </span>
     <span class='ocr_line' id='line_1_18' title="bbox 493 1227 1780 1280; baseline 0.002 -13"><span class='ocrx_word' id='word_1_145' title='bbox 493 1236 613 1267; x_wconf 81' lang='lat' dir='ltr'>teram</span> <span class='ocrx_word' id='word_1_146' title='bbox 641 1227 687 1266; x_wconf 81' lang='lat' dir='ltr'>ad</span> <span class='ocrx_word' id='word_1_147' title='bbox 714 1227 848 1266; x_wconf 74' lang='lat' dir='ltr'>tributa</span> <span class='ocrx_word' id='word_1_148' title='bbox 876 1227 1045 1266; x_wconf 73' lang='lat' dir='ltr'>(oluenda</span> <span class='ocrx_word' id='word_1_149' title='bbox 1079 1228 1244 1279; x_wconf 78' lang='lat' dir='ltr'>adigeret</span> <span class='ocrx_word' id='word_1_150' title='bbox 1267 1258 1277 1273; x_wconf 79' lang='grc'>,</span> <span class='ocrx_word' id='word_1_151' title='bbox 1327 1228 1482 1280; x_wconf 85' lang='lat' dir='ltr'>denique</span> <span class='ocrx_word' id='word_1_152' title='bbox 1507 1229 1620 1268; x_wconf 84' lang='lat' dir='ltr'>vicini</span> <span class='ocrx_word' id='word_1_153' title='bbox 1649 1229 1780 1269; x_wconf 76' lang='lat' dir='ltr'>Slauos</span> 
     </span>
     <span class='ocr_line' id='line_1_19' title="bbox 494 1289 1775 1343; baseline 0.002 -14"><span class='ocrx_word' id='word_1_154' title='bbox 494 1290 738 1342; x_wconf 78' lang='lat' dir='ltr'>diuexarent3</span> <span class='ocrx_word' id='word_1_155' title='bbox 783 1289 942 1329; x_wconf 73' lang='lat' dir='ltr'>salutaris</span> <span class='ocrx_word' id='word_1_156' title='bbox 976 1289 1049 1329; x_wconf 75' lang='lat' dir='ltr'>visa</span> <span class='ocrx_word' id='word_1_157' title='bbox 1084 1290 1159 1339; x_wconf 86' lang='lat' dir='ltr'>est,</span> <span class='ocrx_word' id='word_1_158' title='bbox 1212 1291 1317 1329; x_wconf 87' lang='lat' dir='ltr'>vnius</span> <span class='ocrx_word' id='word_1_159' title='bbox 1352 1291 1529 1343; x_wconf 88' lang='lat' dir='ltr'>principis</span> <span class='ocrx_word' id='word_1_160' title='bbox 1564 1292 1775 1332; x_wconf 59' lang='lat' dir='ltr'>auctoritas.</span> 
     </span>
     <span class='ocr_line' id='line_1_20' title="bbox 494 1350 1778 1405; baseline 0.002 -12"><span class='ocrx_word' id='word_1_161' title='bbox 494 1352 603 1394; x_wconf 80' lang='lat' dir='ltr'>Nam</span> <span class='ocrx_word' id='word_1_162' title='bbox 630 1350 814 1393; x_wconf 86' lang='lat' dir='ltr'>Chrobati</span> <span class='ocrx_word' id='word_1_163' title='bbox 840 1350 957 1392; x_wconf 78' lang='lat' dir='ltr'>Slauis</span> <span class='ocrx_word' id='word_1_164' title='bbox 981 1353 1131 1405; x_wconf 77' lang='lat' dir='ltr'>paganis</span> <span class='ocrx_word' id='word_1_165' title='bbox 1156 1352 1289 1392; x_wconf 86' lang='lat' dir='ltr'>tributa</span> <span class='ocrx_word' id='word_1_166' title='bbox 1315 1352 1551 1405; x_wconf 83' lang='lat' dir='ltr'>pendebant,</span> <span class='ocrx_word' id='word_1_167' title='bbox 1593 1352 1778 1396; x_wconf 81' lang='lat' dir='ltr'>Constan-</span> 
     </span>
     <span class='ocr_line' id='line_1_21' title="bbox 493 1413 1779 1469; baseline 0.003 -15"><span class='ocrx_word' id='word_1_168' title='bbox 493 1415 563 1455; x_wconf 90' lang='lat' dir='ltr'>tini</span> <span class='ocrx_word' id='word_1_169' title='bbox 598 1414 977 1469; x_wconf 76' lang='lat' dir='ltr'>Porphyrogennetae</span> <span class='ocrx_word' id='word_1_170' title='bbox 1011 1424 1128 1455; x_wconf 73' lang='lat' dir='ltr'>aetate</span> <span class='ocrx_word' id='word_1_171' title='bbox 1156 1419 1211 1463; x_wconf 80' lang='lat' dir='ltr'>(n)</span> <span class='ocrx_word' id='word_1_172' title='bbox 1230 1445 1241 1464; x_wconf 88' lang='lat'>‚</span> <span class='ocrx_word' id='word_1_173' title='bbox 1290 1416 1382 1455; x_wconf 89' lang='lat' dir='ltr'>Albi</span> <span class='ocrx_word' id='word_1_174' title='bbox 1417 1413 1597 1456; x_wconf 82' lang='lat' dir='ltr'>Chrouati</span> <span class='ocrx_word' id='word_1_175' title='bbox 1633 1418 1779 1458; x_wconf 78' lang='lat' dir='ltr'>Francis</span> 
     </span>
     <span class='ocr_line' id='line_1_22' title="bbox 493 1476 1776 1529; baseline 0.003 -12"><span class='ocrx_word' id='word_1_176' title='bbox 493 1478 644 1518; x_wconf 56' lang='lat' dir='ltr'>subiecti</span> <span class='ocrx_word' id='word_1_177' title='bbox 677 1488 778 1518; x_wconf 78' lang='lat' dir='ltr'>erant</span> <span class='ocrx_word' id='word_1_178' title='bbox 810 1479 952 1518; x_wconf 88' lang='lat' dir='ltr'>eodem</span> <span class='ocrx_word' id='word_1_179' title='bbox 990 1478 1079 1519; x_wconf 80' lang='lat' dir='ltr'>teste</span> <span class='ocrx_word' id='word_1_180' title='bbox 1114 1476 1358 1518; x_wconf 83' lang='lat' dir='ltr'>Constantino</span> <span class='ocrx_word' id='word_1_181' title='bbox 1383 1480 1457 1529; x_wconf 88' lang='lat' dir='ltr'>(o),</span> <span class='ocrx_word' id='word_1_182' title='bbox 1498 1489 1536 1518; x_wconf 92' lang='lat' dir='ltr'>et</span> <span class='ocrx_word' id='word_1_183' title='bbox 1561 1492 1609 1519; x_wconf 88' lang='lat' dir='ltr'>ex</span> <span class='ocrx_word' id='word_1_184' title='bbox 1636 1482 1776 1522; x_wconf 87' lang='lat' dir='ltr'>eodem</span> 
     </span>
     <span class='ocr_line' id='line_1_23' title="bbox 494 1539 1780 1595; baseline -0.001 -14"><span class='ocrx_word' id='word_1_185' title='bbox 494 1541 541 1581; x_wconf 88' lang='lat' dir='ltr'>de</span> <span class='ocrx_word' id='word_1_186' title='bbox 566 1541 695 1580; x_wconf 85' lang='lat' dir='ltr'>ceteris</span> <span class='ocrx_word' id='word_1_187' title='bbox 721 1539 840 1581; x_wconf 76' lang='lat' dir='ltr'>Slauis</span> <span class='ocrx_word' id='word_1_188' title='bbox 872 1542 908 1580; x_wconf 92' lang='lat' dir='ltr'>in</span> <span class='ocrx_word' id='word_1_189' title='bbox 941 1540 1098 1592; x_wconf 88' lang='lat' dir='ltr'>Illyrico</span> <span class='ocrx_word' id='word_1_190' title='bbox 1125 1550 1164 1580; x_wconf 88' lang='lat' dir='ltr'>et</span> <span class='ocrx_word' id='word_1_191' title='bbox 1193 1541 1415 1582; x_wconf 81' lang='lat' dir='ltr'>Macedonia</span> <span class='ocrx_word' id='word_1_192' title='bbox 1444 1552 1588 1595; x_wconf 76' lang='lat' dir='ltr'>partem</span> <span class='ocrx_word' id='word_1_193' title='bbox 1617 1556 1637 1583; x_wconf 85' lang='lat' dir='ltr'>a</span> <span class='ocrx_word' id='word_1_194' title='bbox 1664 1545 1780 1584; x_wconf 81' lang='lat' dir='ltr'>Fran.</span> 
     </span>
     <span class='ocr_line' id='line_1_24' title="bbox 494 1602 1777 1657; baseline 0.004 -15"><span class='ocrx_word' id='word_1_195' title='bbox 494 1604 546 1643; x_wconf 87' lang='lat' dir='ltr'>cis</span> <span class='ocrx_word' id='word_1_196' title='bbox 563 1633 573 1653; x_wconf 94' lang='lat'>,</span> <span class='ocrx_word' id='word_1_197' title='bbox 614 1612 761 1656; x_wconf 79' lang='lat' dir='ltr'>partem</span> <span class='ocrx_word' id='word_1_198' title='bbox 790 1617 810 1643; x_wconf 89' lang='lat' dir='ltr'><strong>a</strong></span> <span class='ocrx_word' id='word_1_199' title='bbox 837 1602 1257 1656; x_wconf 75' lang='lat' dir='ltr'>Constantinopolitano</span> <span class='ocrx_word' id='word_1_200' title='bbox 1281 1604 1450 1657; x_wconf 85' lang='lat' dir='ltr'>imperio</span> <span class='ocrx_word' id='word_1_201' title='bbox 1477 1607 1599 1657; x_wconf 84' lang='lat' dir='ltr'>preffis</span> <span class='ocrx_word' id='word_1_202' title='bbox 1622 1608 1777 1647; x_wconf 85' lang='lat' dir='ltr'>constat.</span> 
     </span>
     <span class='ocr_line' id='line_1_25' title="bbox 496 1665 1780 1718; baseline 0.005 -13"><span class='ocrx_word' id='word_1_203' title='bbox 496 1665 598 1705; x_wconf 74' lang='lat' dir='ltr'>Haec</span> <span class='ocrx_word' id='word_1_204' title='bbox 637 1668 787 1718; x_wconf 74' lang='lat' dir='ltr'>inquam</span> <span class='ocrx_word' id='word_1_205' title='bbox 835 1666 1022 1706; x_wconf 79' lang='lat' dir='ltr'>neceffitas</span> <span class='ocrx_word' id='word_1_206' title='bbox 1064 1667 1189 1718; x_wconf 84' lang='lat' dir='ltr'>coegit</span> <span class='ocrx_word' id='word_1_207' title='bbox 1228 1665 1388 1716; x_wconf 77' lang='lat' dir='ltr'>Slnuos,</span> <span class='ocrx_word' id='word_1_208' title='bbox 1439 1677 1481 1706; x_wconf 81' lang='lat' dir='ltr'>vt</span> <span class='ocrx_word' id='word_1_209' title='bbox 1516 1668 1780 1711; x_wconf 79' lang='lat' dir='ltr'>conseruandae</span> 
     </span>
     <span class='ocr_line' id='line_1_26' title="bbox 495 1727 1781 1786; baseline 0 -18"><span class='ocrx_word' id='word_1_210' title='bbox 495 1727 612 1769; x_wconf 72' lang='lat' dir='ltr'>cauffit</span> <span class='ocrx_word' id='word_1_211' title='bbox 639 1729 815 1769; x_wconf 75' lang='lat' dir='ltr'>libertatis</span> <span class='ocrx_word' id='word_1_212' title='bbox 849 1730 1068 1782; x_wconf 76' lang='lat' dir='ltr'>popularem</span> <span class='ocrx_word' id='word_1_213' title='bbox 1099 1731 1232 1769; x_wconf 68' lang='lat' dir='ltr'>statum</span> <span class='ocrx_word' id='word_1_214' title='bbox 1258 1739 1535 1769; x_wconf 72' lang='lat' dir='ltr'>commutarent</span> <span class='ocrx_word' id='word_1_215' title='bbox 1561 1743 1647 1771; x_wconf 91' lang='lat' dir='ltr'>cum</span> <span class='ocrx_word' id='word_1_216' title='bbox 1675 1734 1781 1786; x_wconf 90' lang='lat' dir='ltr'>prin-</span> 
     </span>
     <span class='ocr_line' id='line_1_27' title="bbox 494 1789 1776 1849; baseline 0.005 -19"><span class='ocrx_word' id='word_1_217' title='bbox 494 1792 628 1844; x_wconf 80' lang='lat' dir='ltr'>cipatn.</span> <span class='ocrx_word' id='word_1_218' title='bbox 700 1789 882 1831; x_wconf 83' lang='lat' dir='ltr'>Chrobati</span> <span class='ocrx_word' id='word_1_219' title='bbox 912 1801 1057 1844; x_wconf 78' lang='lat' dir='ltr'>praeter</span> <span class='ocrx_word' id='word_1_220' title='bbox 1081 1791 1249 1845; x_wconf 80' lang='lat' dir='ltr'>Supanos</span> <span class='ocrx_word' id='word_1_221' title='bbox 1276 1790 1509 1832; x_wconf 83' lang='lat' dir='ltr'>Constantini</span> <span class='ocrx_word' id='word_1_222' title='bbox 1541 1803 1659 1834; x_wconf 76' lang='lat' dir='ltr'>aetate</span> <span class='ocrx_word' id='word_1_223' title='bbox 1686 1798 1776 1849; x_wconf 70' lang='lat' dir='ltr'>Ae·</span> 
     </span>
     <span class='ocr_line' id='line_1_28' title="bbox 494 1849 1782 1912; baseline 0.001 -19"><span class='ocrx_word' id='word_1_224' title='bbox 494 1849 620 1909; x_wconf 72' lang='grc' dir='ltr'>χονἿα</span> <span class='ocrx_word' id='word_1_225' title='bbox 637 1854 848 1906; x_wconf 84' lang='lat' dir='ltr'>Principem</span> <span class='ocrx_word' id='word_1_226' title='bbox 875 1854 1036 1895; x_wconf 81' lang='lat' dir='ltr'>habuere</span> <span class='ocrx_word' id='word_1_227' title='bbox 1049 1886 1059 1904; x_wconf 83' lang='lat'>,</span> <span class='ocrx_word' id='word_1_228' title='bbox 1093 1854 1251 1895; x_wconf 81' lang='lat' dir='ltr'>habuere</span> <span class='ocrx_word' id='word_1_229' title='bbox 1271 1853 1403 1895; x_wconf 88' lang='lat' dir='ltr'>Seruii.</span> <span class='ocrx_word' id='word_1_230' title='bbox 1470 1855 1524 1896; x_wconf 92' lang='lat' dir='ltr'>Vt</span> <span class='ocrx_word' id='word_1_231' title='bbox 1541 1857 1687 1910; x_wconf 86' lang='lat' dir='ltr'>quisque</span> <span class='ocrx_word' id='word_1_232' title='bbox 1705 1871 1782 1912; x_wconf 89' lang='lat' dir='ltr'>po..</span> 
     </span>
     <span class='ocr_line' id='line_1_29' title="bbox 493 1916 1778 1971; baseline 0.005 -15"><span class='ocrx_word' id='word_1_233' title='bbox 493 1916 599 1970; x_wconf 87' lang='lat' dir='ltr'>pulus</span> <span class='ocrx_word' id='word_1_234' title='bbox 622 1917 872 1971; x_wconf 80' lang='lat' dir='ltr'>principatum</span> <span class='ocrx_word' id='word_1_235' title='bbox 899 1930 986 1958; x_wconf 80' lang='lat' dir='ltr'>cum</span> <span class='ocrx_word' id='word_1_236' title='bbox 1014 1917 1180 1959; x_wconf 80' lang='lat' dir='ltr'>libertate</span> <span class='ocrx_word' id='word_1_237' title='bbox 1205 1918 1382 1958; x_wconf 79' lang='lat' dir='ltr'>maturius</span> <span class='ocrx_word' id='word_1_238' title='bbox 1410 1919 1588 1970; x_wconf 78' lang='lat' dir='ltr'>mutauit,</span> <span class='ocrx_word' id='word_1_239' title='bbox 1623 1920 1674 1962; x_wconf 84' lang='lat' dir='ltr'>ita</span> <span class='ocrx_word' id='word_1_240' title='bbox 1707 1921 1778 1962; x_wconf 78' lang='lat' dir='ltr'>sese</span> 
     </span>
    </p>

    <p class='ocr_par' dir='ltr' id='par_1_4' title="bbox 1652 1996 1780 2024">
     <span class='ocr_line' id='line_1_30' title="bbox 1652 1996 1780 2024; baseline 0 0"><span class='ocrx_word' id='word_1_241' title='bbox 1652 1996 1780 2024; x_wconf 80' lang='lat' dir='ltr'>maxi-</span> 
     </span>
    </p>
   </div>
   <div class='ocr_carea' id='block_1_4' title="bbox 513 2100 605 2128">
    <p class='ocr_par' dir='ltr' id='par_1_5' title="bbox 513 2100 605 2128">
     <span class='ocr_line' id='line_1_31' title="bbox 513 2100 605 2128; baseline 0.011 -1"><span class='ocrx_word' id='word_1_242' title='bbox 513 2100 532 2127; x_wconf 80' lang='lat'>.⁰</span> <span class='ocrx_word' id='word_1_243' title='bbox 580 2100 605 2128; x_wconf 74' lang='lat' dir='ltr'>P·</span> 
     </span>
    </p>
   </div>
  </div>
 </body>
</html>
