1941 2674
417 60 825 110 IMPERATORH
859 61 1167 112 AMIDENO.
1335 83 1357 122 3
1367 82 1388 121 ς
1399 84 1422 122 a

137 196 284 238 quoqne
316 184 355 223 in
385 185 512 224 ceteris
545 183 650 224 huius
680 183 783 222 numi
814 183 990 232 vocibus,
1021 185 1122 237 quod
1149 185 1243 226 item
1272 188 1309 226 in
1336 188 1430 229 illius

138 249 268 287 aetatis
301 248 423 288 nnmis
455 245 785 299 frequentissimum
819 247 885 286 est.
950 247 1129 300 Legimus
1162 260 1286 289 antem
1322 251 1429 303 plane

140 321 180 350 et
216 310 402 364 perspicue
426 341 435 359 ,
477 322 594 349 nemo
629 321 671 348 vt
704 310 894 362 ambigere
930 311 1066 362 possit,
1107 312 1206 352 AM'
1242 314 1427 355 Funerum

139 375 187 413 ad
221 384 332 426 caput
365 371 421 413 τέ
455 375 523 421 Μ,
560 373 607 413 sic
644 373 783 412 fastum
818 373 900 423 est,
945 384 988 413 vt
1018 373 1116 413 mihi
1149 376 1257 416 initio
1291 377 1310 416 I
1344 390 1431 430 par-

142 450 231 476 uum
265 438 371 476 ruerit
404 437 536 476 visum.
637 436 707 476 Ast
740 435 838 475 nulla
870 436 961 475 aciei
992 437 1197 478 intentione
1229 452 1321 492 opus
1352 441 1429 491 est,

143 510 185 539 rt
218 499 462 552 agnostatur',
514 499 746 551 eundemque
786 499 831 538 ad
874 500 1033 538 modum
1068 502 1207 554 reliqua
1240 503 1278 541 in
1310 515 1429 543 numo

142 564 279 615 pumera
315 563 393 601 sunt
425 563 532 601 fuera.
596 562 742 617 Quare,
774 574 884 611 cum,
919 563 981 614 qui
1014 575 1172 604 numum
1206 577 1320 617 gazae
1348 567 1429 608 Re-

139 628 222 678 giae
259 627 396 666 Parisiis
427 625 695 678 inspexerunt,
744 625 784 663 in
819 637 867 663 eo
902 623 984 665 Ml.
1023 625 1227 667 clarissimis
1258 630 1430 669 duffibus

139 689 344 728 litterarum
386 689 485 726 cerni
526 687 725 737 testentur,
776 689 900 740 potuit
938 687 1055 728 isthuc
1098 691 1174 729 alio
1213 691 1260 730 ab
1300 691 1430 745 praelo

141 753 333 791 accedere:
376 763 463 789 cum
497 762 589 789 vero
624 761 740 801 neque
771 748 1040 801 Spanhemius‚
1077 764 1192 805 neque
1223 753 1428 804 morellus,

139 825 356 853 extremam
391 814 552 852 litteram
589 811 921 863 deprehenderint,
954 813 1078 865 potest
1106 816 1220 854 etiam
1249 816 1352 866 fieri,
1386 825 1431 858 vt

138 877 230 917 illud
263 876 380 928 ipsum
415 875 597 928 punehim
634 875 727 913 alios
757 874 939 915 fefellerit.
1019 876 1104 916 Fuit
1133 879 1172 917 in
1206 877 1433 933 Mesopota-

139 940 217 980 mia
252 940 461 993 Αμμεαα,
497 938 586 978 teste
620 935 781 977 Claudio
814 937 1036 978 Ptolemaeo
1066 942 1143 990 (u),
1180 940 1239 981 sed
1271 943 1310 982 in
1343 955 1430 983 me-

139 1003 354 1042 diterrancis
372 1031 384 1052 ,
436 1014 523 1041 cum
557 1000 663 1040 huius
693 1000 799 1039 numi
831 1000 961 1040 vrbem
995 1002 1042 1041 ad
1074 1003 1228 1043 fluuium
1264 1005 1427 1058 aliquem

138 1066 329 1106 celebrem
362 1064 461 1104 fuiffe
481 1095 492 1113 ,
536 1064 650 1102 etiam
683 1064 762 1116 ipio
794 1075 843 1102 ex
877 1076 995 1104 numo
1025 1065 1269 1106 demonstrari
1302 1077 1426 1121 queat.

138 1130 193 1170 Et
225 1129 330 1170 huius
361 1128 512 1180 quidem
532 1125 704 1168 Amaeae
736 1128 925 1167 memoria
961 1128 1064 1167 nullo
1095 1129 1171 1168 alio
1203 1130 1330 1171 testata
1362 1132 1433 1172 fuit

140 1201 419 1238 monumento,
456 1200 519 1239 vt,
551 1202 644 1243 quae
661 1188 747 1229 vrbs
764 1188 894 1240 fuerit,
928 1191 1114 1243 explicare
1132 1205 1282 1245 queam.
1350 1194 1430 1236 Ni-

139 1255 195 1294 hil
230 1256 306 1295 iam
345 1254 527 1306 reliquum
558 1253 611 1293 est
631 1284 641 1302 ,
681 1264 795 1306 quam
819 1282 830 1301 ,
863 1264 907 1292 vt
939 1254 1123 1294 Amidam
1157 1256 1194 1294 in
1228 1269 1349 1296 numo
1381 1257 1429 1299 fi-

140 1319 243 1370 gnari
263 1349 277 1368 ‚
326 1330 414 1357 cnm
448 1316 642 1356 Harduino
663 1345 674 1366 ,
722 1315 852 1355 immo
882 1316 1019 1357 eodem
1050 1318 1166 1357 etiam
1202 1330 1429 1373 repugnante

138 1381 354 1422 statuamus.

257 1460 384 1500 Video
417 1457 537 1498 nihilo
571 1459 717 1507 minus,
763 1458 863 1511 quod
895 1459 932 1498 in
964 1471 1029 1498 me
1061 1472 1152 1501 onus
1184 1462 1425 1516 firsceperim:

139 1523 365 1563 subeundum
400 1533 526 1561 tamen
560 1523 628 1562 esse
665 1522 794 1561 lentio.
870 1522 1089 1575 Principio,
1140 1535 1183 1564 vt
1215 1527 1316 1566 fassus
1347 1528 1426 1568 snm

140 1597 270 1635 antea,
309 1587 356 1625 ita
392 1597 476 1637 prae
509 1598 575 1624 me
607 1598 701 1624 nnnc
733 1584 834 1634 fero,
868 1595 952 1624 ante
983 1584 1245 1628 Constantium
1281 1588 1423 1643 Imper.

141 1651 244 1689 nnllo
276 1651 314 1688 in
347 1648 521 1700 scriptore
554 1647 651 1688 istius
682 1660 823 1686 nomen
855 1648 953 1687 vrbis
985 1651 1154 1701 reperiri.
1231 1650 1318 1705 Ipso
1348 1654 1426 1693 im-

142 1723 295 1765 perante
329 1709 580 1761 const-imm,
619 1707 860 1765 Ἐἔῆγησ-ις
895 1705 974 1751 ἕλες
1010 1710 1067 1751 ‘TE'
1095 1708 1238 1768 κέσμε
1271 1715 1318 1755 nb
1350 1715 1427 1755 ho-

141 1777 244 1816 mine
276 1775 395 1825 Syro,
430 1784 487 1822 et,
524 1784 565 1813 vt
590 1774 755 1824 videtur,
789 1783 998 1814 mercatore
1025 1777 1271 1817 Antiocheno
1297 1779 1425 1832 scripta

139 1839 228 1886 fuit,
264 1839 363 1878 cuius
395 1847 498 1876 vetus
529 1838 786 1890 interpret-„itio
813 1835 943 1877 Latina
972 1838 1091 1878 exstat
1122 1854 1140 1880 a
1171 1839 1313 1881 Iacobo
1340 1840 1429 1883 Go-

139 1903 315 1942 thofredo
343 1901 511 1954 primum
539 1901 650 1941 edita.
717 1900 903 1942 Nondum
931 1900 1046 1955 aliqua
1074 1903 1123 1942 ibi
1143 1903 1307 1944 Amida:
1342 1915 1424 1945 tan-

170 1962 267 2005 '1an
284 1962 414 2006 VHI.
740 1963 781 2003 Y
800 1973 826 2014 y
1338 1978 1419 2009 tum

1272 2034 1396 2043 Q-—qffl
1403 2036 1413 2040 -

281 2059 328 2081 {ul
355 2058 380 2084 p.
407 2057 473 2083 ¹43-
494 2049 533 2074 lta
555 2048 635 2075 etiam
655 2049 683 2075 in
703 2044 834 2075 manuscr
858 2045 1028 2084 Segueriano
1045 2048 1117 2086 apud
1133 2046 1374 2081 montefalconem
1395 2053 1426 2083 in

140 2090 310 2120 Bibliothen
334 2088 504 2118 Coislinimia
525 2098 553 2126 p.
577 2096 644 2126 711.
