1941 2674
523 104 613 143 124
634 88 715 130 DE
748 86 990 132 LEGIBVS
1026 83 1383 144 QVIBVSDAM
1418 83 1799 130 MECHANICIS'

517 215 620 247 trum
643 215 770 245 autern
792 204 978 244 interioris
996 203 1160 243 orbiculi
1181 213 1328 243 tantum
1350 202 1508 242 distabat
1528 215 1547 242 a
1576 203 1718 255 punito
1737 203 1804 255 M,

516 279 701 322 quantum
739 267 940 320 superioris
972 267 1131 305 orbiculi
1165 279 1186 305 a
1219 265 1366 318 puncto
1402 266 1454 307 R.

636 361 752 400 Hisce
789 360 971 399 omnibus
1003 360 1048 399 ad
1080 361 1396 412 experimentum
1432 358 1808 400 sufficientiaccura-

517 424 626 464 tione
661 424 914 476 praeparatis,
949 424 1103 475 iamque
1137 421 1378 461 effluentibus
1415 425 1519 475 aquis
1561 435 1630 476 per
1673 422 1808 462 tubum

518 487 625 537 EF,
664 487 829 526 vidimus
863 486 1011 537 pondus
1033 485 1205 525 orbiculo
1227 485 1317 540 QN
1342 485 1603 538 superimponi
1624 484 1813 539 potuisse,

519 559 705 603 quantum
739 548 890 587 theoria
923 547 1048 587 nostra
1081 549 1324 600 requirebat⁷
1363 560 1505 600 nempe
1551 558 1619 596 17.
1673 546 1812 586 drach-

522 624 677 653 marum
716 620 754 650 et
792 623 928 662 parum
961 611 1065 663 quod
1102 612 1340 650 excurrebat.
1411 610 1521 650 Idem
1557 623 1654 650 vero
1686 621 1812 662 expe-

523 675 738 714 rimentum
773 672 869 712 solus
917 672 980 712 sub
1022 673 1106 712 aliis
1155 673 1447 712 circumstantiis
1502 674 1640 726 repetii
1696 671 1813 712 simili

522 749 609 776 cum
644 735 832 785 successu,
866 736 918 774 ita
954 745 995 775 vt
1027 736 1074 775 de
1113 736 1273 775 veritate
1308 736 1560 776 theorematis
1594 735 1711 776 nostri
1729 736 1811 784 §,.8.

525 800 692 839 dubitari
727 810 806 837 non
843 797 972 850 poffit.

642 896 673 943 ξ.
716 907 785 933 12.
822 894 886 933 Ab
921 894 1072 946 impetu
1104 906 1285 945 aquarum
1332 893 1483 934 diresto
1523 894 1726 934 veniamus
1767 892 1816 932 ad

526 956 752 1008 obliquum:
791 957 880 995 dico
913 965 1045 995 autem
1083 955 1183 994 hunc
1223 957 1324 995 reste
1357 957 1548 996 aestimari
1583 969 1665 995 non
1709 952 1817 1008 poffe

525 1026 609 1058 tum
644 1020 696 1057 ob
729 1018 977 1058 velocitatum
1015 1018 1334 1057 inter-mediarum
1366 1019 1625 1068 mutationes,
1658 1030 1750 1069 quae
1770 1017 1818 1056 ad

526 1093 613 1121 rem
646 1080 809 1131 faciunt,
842 1081 945 1120 secus
979 1089 1090 1132 atque
1124 1081 1162 1118 in
1197 1080 1279 1120 casu
1312 1081 1462 1134 priori,
1497 1090 1582 1120 tum
1615 1082 1733 1119 etiam
1764 1080 1819 1119 ob

527 1144 770 1195 inaequalem
804 1145 843 1182 in
881 1143 1075 1195 particulis
1107 1143 1334 1183 direstionis
1381 1144 1662 1182 mutationem:
1717 1143 1821 1182 dice-

530 1218 619 1246 mus
652 1217 782 1245 tamen
818 1206 866 1245 de
912 1205 989 1244 hoc
1030 1206 1152 1244 etiam
1194 1205 1275 1244 casu
1317 1207 1466 1257 aliqua,
1520 1217 1564 1244 vt
1612 1214 1821 1257 appareat,

530 1281 718 1321 quaenam
753 1266 986 1320 hypotheses
1019 1266 1202 1319 physicae
1234 1268 1282 1308 ad
1318 1268 1463 1308 seciam
1497 1268 1552 1307 rei
1581 1267 1820 1308 aestimati&

532 1344 625 1371 nem
658 1332 906 1384 requirantur.

648 1426 833 1476 Fingatur
854 1425 979 1477 itaque
999 1438 1094 1468 vena
1118 1438 1234 1478 aquea
1257 1424 1332 1465 AB
1352 1427 1394 1466 in·
1412 1426 1568 1480 planum
1580 1428 1648 1469 EF
1660 1425 1817 1481 oblique

531 1489 749 1529 incurrens:
785 1488 858 1527 Hic
894 1488 1051 1540 quidem
1087 1489 1212 1541 plures
1245 1502 1352 1528 erunt
1372 1492 1578 1542 particulae
1597 1493 1643 1531 ad
1665 1487 1818 1543 partem

528 1551 575 1592 -D
609 1552 857 1590 deflectentes
889 1563 1002 1603 qnam
1038 1552 1083 1590 ad
1116 1562 1265 1603 partem
1300 1553 1521 1604 oppositam
1565 1552 1622 1593 C:
1670 1554 1822 1605 priore5

532 1627 663 1655 antem
696 1615 894 1654 minorem
935 1612 1094 1653 subeunt
1134 1613 1359 1653 directionis
1400 1616 1658 1655 mutationem
1703 1629 1820 1668 quam

535 1677 789 1731 posteriores,
824 1686 862 1715 et
894 1685 1099 1728 propterea
1121 1679 1240 1715 etiam
1264 1677 1460 1717 minorem
1482 1679 1529 1718 ad
1558 1678 1719 1730 planum
1745 1678 1822 1721 EF

536 1748 701 1778 exerunt
734 1737 986 1791 preffionem:
1032 1737 1129 1778 Non
1168 1739 1291 1791 liquet
1330 1749 1490 1792 autem,
1518 1753 1683 1794 quanam
1727 1753 1824 1794 pro-

530 1803 722 1855 portione
757 1800 965 1853 particulae
999 1812 1142 1852 aqueae
1176 1803 1221 1841 ad
1255 1803 1400 1842 diuersa
1444 1802 1559 1843 latera
1605 1802 1824 1843 deuoluan-

536 1873 622 1909 tur,
655 1875 725 1902 nec
758 1875 947 1915 quaenam
982 1863 1207 1903 velocitates
1239 1865 1322 1917 ipsis
1355 1865 1534 1918 superfint
1566 1867 1606 1906 in
1639 1865 1682 1905 D
1703 1877 1740 1904 et
1760 1865 1823 1917 C,

537 1927 706 1978 ideoque
739 1938 810 1965 nec
844 1937 976 1964 earum
1012 1925 1209 1979 impreffio
1242 1929 1281 1966 in
1315 1927 1472 1980 planum
1517 1929 1594 1969 EF
1634 1929 1826 1968 determi-

536 1989 620 2029 nari
651 1989 792 2044 potest.
859 1988 1054 2028 Ponantur
1086 1989 1241 2030 interim
1276 1991 1410 2031 omnia
1442 1994 1613 2045 cognita,
1647 2003 1741 2043 quae
1773 1991 1822 2031 ¹eid

1660 2053 1821 2107 proble-
