1941 2674
291 85 527 129 CONTRA
560 84 801 128 PLAM'M
838 83 1237 130 INCVRRENTIS.
1314 100 1401 140 257

106 202 320 243 distantiam
360 200 466 252 ZL‚
505 204 690 258 quoniam
724 216 822 244 vena
859 203 948 244 XL
984 204 1022 244 in
1066 207 1109 245 X
1153 205 1288 258 incipit
1331 207 1403 246 Pa*

104 266 280 305 rabolam
321 267 437 306 iactus
480 266 531 307 sui
568 267 796 307 describere.
861 267 1012 307 Pondus
1047 267 1191 319 lancis,
1225 282 1312 308 cum
1332 282 1405 309 an-

106 329 199 368 nulo
233 340 271 368 et
310 329 519 369 filamentis
553 330 665 370 simul
703 340 783 369 crat
823 333 907 379 829
949 327 1201 381 Granorum,
1253 333 1403 384 pondus

105 403 200 431 vcro
235 393 287 442 K,
321 393 419 431 lanci
453 393 577 432 adhuc
624 393 873 445 impositum,
914 403 996 433 erat
1038 403 1124 440 720
1159 391 1229 433 Gr.
1274 396 1326 434 ita
1359 404 1403 436 vt

105 455 253 506 pondus
290 465 441 504 totum,
477 457 749 508 aequilibrium
787 468 876 494 cum
898 456 938 494 vi
967 468 1087 495 venae
1106 469 1246 508 aqueae
1267 469 1402 496 erum-

102 518 228 569 pehtis
266 518 509 569 producens,
545 519 657 557 luci-it
700 529 814 566 1549
853 515 926 557 Gr.
990 518 1116 558 Porro
1157 520 1285 558 inueni
1331 519 1401 560 HI

101 592 287 618 :2010
325 590 422 632 part.
459 581 578 630 TX,
610 582 713 620 cuius
746 581 896 620 initium
936 593 955 619 a
985 581 1088 620 recta
1121 593 1189 634 per
1223 582 1398 623 medium

103 642 300 681 brachium
338 642 412 682 ST
450 653 667 682 transeunte
689 642 820 692 sumsi,
854 647 1033 682 :2218
1057 654 1154 695 part.
1219 643 1399 696 Denique

98 713 144 754 ¹vt
178 706 328 757 pondus
362 716 505 757 aquae,
539 718 610 757 qua
644 717 712 744 vas
756 704 948 757 repletum
989 714 1092 755 erat,
1132 705 1401 758 deprehende-

97 779 210 817 rem,
247 768 407 819 impleui
443 770 584 807 eadem
629 779 723 819 aqua
769 767 1013 816 cylindrum,
1061 767 1168 805 cuius
1208 768 1399 808 diameter

100 830 154 870 est
173 834 258 878 675
287 840 383 883 part.
421 830 584 870 altitudo
621 838 750 868 autem
786 832 899 879 685,
934 829 1039 868 cuius
1061 829 1397 881 voluminisaquei

99 893 275 946 pondus,
312 893 487 932 detracto
525 892 698 946 pondere
737 892 862 942 vasis,
892 890 1125 944 deprehendi
1152 905 1293 941 13111
1323 889 1397 933 Gr.

100 955 307 996 Diameter
345 952 440 996 GM
474 965 555 995 erat
596 958 649 1003 89
690 963 788 1006 part.
854 954 976 1007 Igitur
1011 966 1082 1006 pro
1111 954 1312 994 altitudine
1330 968 1397 996 ce-

95 1019 238 1060 leritati
276 1018 440 1058 effluxus
478 1018 587 1058 liberi
626 1017 780 1066 debita,
811 1027 949 1056 notum
988 1016 1064 1066 est,
1103 1018 1205 1067 quod
1225 1016 1319 1057 haec
1336 1018 1397 1058 al-

93 1082 245 1131 titudo,
284 1080 535 1134 supponendo
573 1078 749 1118 semitam
790 1092 908 1119 venae
947 1080 998 1119 ita
1045 1080 1283 1132 erumpentis
1319 1077 1395 1121 effe

628 1135 641 1151 2

98 1150 391 1200 Parabohcam,
426 1138 668 1206 sit-232,
704 1162 756 1189 ex
793 1162 870 1202 quo
913 1149 1105 1202 sequitur,
1147 1149 1393 1190 altitudinem

94 1213 285 1253 celeritati
321 1214 483 1263 ιιᾶιιιιίἰ,
522 1227 592 1266 qua
631 1226 725 1265 aqua
763 1225 831 1265 per
866 1212 1041 1252 foramen
1077 1214 1120 1253 X
1150 1212 1394 1266 erumpebat,

95 1276 269 1316 debitam
315 1274 421 1316 fuiffe
465 1286 580 1325 2557
630 1285 726 1329 part.
791 1276 889 1316 Erat
928 1286 1057 1314 autem
1105 1275 1270 1315 altitudo
1315 1274 1394 1327 ipsa

95 1351 213 1392 aquae
250 1337 355 1392 supra
392 1340 568 1379 foramen
603 1341 641 1378 in
680 1337 790 1388 vase,
829 1335 1113 1387 GA33738
1153 1347 1249 1390 part.
1289 1337 1394 1377 vnde

94 1411 276 1454 apparet,
313 1403 416 1455 quod
452 1402 542 1442 alias
578 1403 778 1453 cognitum
815 1401 890 1452 est,
927 1402 1029 1453 quod
1067 1400 1240 1439 celeritas
1261 1399 1394 1440 actua-

97 1465 145 1504 lis
184 1476 303 1517 aquae
349 1466 584 1516 erumpentis
630 1465 741 1516 plane
788 1477 869 1503 non
918 1463 1142 1516 respondeat
1196 1461 1391 1503 altitudini

93 1539 213 1580 aquae
251 1527 359 1580 supra
397 1528 545 1568 lumen.
611 1527 810 1581 Quoniam
832 1539 930 1566 nunc
964 1525 1133 1577 indagari
1153 1525 1267 1565 debet
1287 1536 1392 1577 pon-

95 1590 164 1630 dus
201 1590 364 1640 cylindri
401 1591 513 1644 aquei
557 1589 745 1640 correcti,
795 1589 872 1629 hoc
909 1589 985 1638 est,
1040 1588 1205 1639 cylindri
1250 1587 1388 1640 aquei,

29 1694 34 1699 ,
94 1653 199 1692 cuius
237 1653 330 1693 basis
372 1654 425 1693 est
471 1665 557 1692 area
604 1650 728 1701 GM,
774 1653 826 1691 ob
878 1651 1063 1690 euitat-am
1102 1662 1170 1703 per
1215 1648 1392 1689 tubulum

95 1728 220 1755 venae
256 1729 396 1769 aqueae
433 1715 770 1765 contractionem,
805 1724 844 1753 et
864 1713 1024 1753 altitudo
1049 1723 1097 1762 25
1109 1722 1189 1762 57,
1228 1711 1391 1752 sithunc

94 1778 135 1818 in
156 1777 274 1818 finem
295 1791 384 1830 vas,
422 1779 527 1818 cuius
546 1791 640 1831 aqua
660 1777 794 1831 repleti
815 1776 963 1830 pondus
982 1775 1205 1816 examinaui
1225 1774 1332 1830 αὲγ
1346 1771 1390 1826 δ,

93 1850 208 1894 atque
245 1851 356 1881 erunt
392 1842 587 1894 pondera,
625 1853 742 1893 aquae
776 1841 813 1879 in
849 1838 926 1879 hoc
961 1838 1048 1879 vase
1084 1846 1313 1888 contentae,
1350 1846 1392 1878 et

91 1916 211 1956 aquae
248 1904 425 1955 cylindro
461 1904 639 1944 corrcc'to
674 1901 1002 1956 comprehensae,
1038 1902 1136 1940 inter
1174 1899 1209 1939 se
1234 1900 1293 1940 vti
1313 1897 1392 1939 iso--¹

95 1965 242 2006 lumina
283 1967 425 2006 horum
462 1967 754 2017 cylindrorum,
789 1964 842 2003 ob
878 1963 1105 2004 denfitatem
1142 1975 1258 2016 aquae
1276 1972 1393 2002 vtro-

95 2029 209 2081 bique
243 2030 432 2081 eandem,
468 2029 546 2070 hoc
582 2029 661 2082 est,
695 2029 753 2069 vti
788 2025 981 2081 ²8*anss
1016 2026 1065 2067 ad
1093 2021 1386 2074 GM²><2557.

95 2084 206 2133 Tom.
242 2092 373 2135 VIII.
748 2089 824 2133 Kk
1320 2087 1388 2132 Ex

1417 1790 1518 1829 Figura
1537 1797 1568 1819 ο.
