1941 2674
414 92 493 133 DE
525 90 744 134 FJGVRA
777 91 1016 135 TERRAE.
1285 106 1336 133 ω.
1347 109 1369 146 ³

80 221 171 249 nem
206 208 357 258 veniet,
393 218 525 260 vtpote
559 208 713 261 reliquis
750 210 989 249 intermediis
1029 209 1126 250 locis
1170 224 1242 264 pro
1285 212 1372 252 fun-

79 273 265 312 damento
298 282 336 310 et
369 272 440 311 basi
476 271 609 310 futura.
680 273 809 320 (lv.)
844 273 996 312 Pondus
1029 275 1155 325 grauis·
1189 276 1370 315 vniuscu-

78 337 209 387 iusque
241 335 470 374 absolutum.
540 332 705 386 Cogita,
758 336 907 388 pondus
947 338 1122 389 corporis
1170 339 1370 378 cuiuslibet

79 399 118 437 in
155 398 350 450 superficie
382 398 524 437 Terrae
558 398 696 449 politi,
742 400 780 437 vi
813 399 1006 450 grauitatss
1053 402 1122 439 uiti
1163 400 1368 453 deorsum,

77 461 118 500 id
156 462 230 510 est,
266 460 390 500 versus
424 458 612 499 Centrum
647 462 814 510 Terrae,
851 471 888 499 et
919 463 1003 500 vim
1041 463 1315 515 centrifitgam,
1348 478 1370 504 a

78 534 192 562 motu
225 523 438 574 Vertiginis
471 524 613 561 Terrae
648 525 878 572 oriundam,
913 525 983 563 niti
1015 524 1180 575 sursum,
1218 527 1255 565 id
1288 527 1371 579 est,

76 586 290 625 recedendo
324 599 345 624 a
366 583 512 623 Centro
532 585 697 624 Terrae:
733 596 775 625 vt
808 587 987 636 destruat,
1025 587 1171 627 nccess'e
1193 590 1259 639 est,
1292 589 1369 629 hu-

74 648 133 687 ius
166 661 250 700 pars
283 647 406 700 aliqua
441 647 542 686 illius
574 659 725 699 partem
767 649 950 699 aliquam.
1016 651 1118 704 Quia
1153 664 1271 702 vero,
1308 653 1366 692 vti

76 711 269 760 vidimus,
302 711 362 748 vis
395 708 601 760 centrifuga
636 711 675 748 in
708 710 787 762 ipso
820 710 918 749 Polo
952 711 1053 750 nulla
1087 713 1162 761 est,
1197 723 1234 751 et
1254 726 1368 753 acce—

75 774 204 813 dendo
240 772 287 812 ad
321 772 588 823 Aequatorem
622 773 809 811 continuo
841 773 989 812 crescit:
1041 775 1115 812 erit
1166 775 1284 814 ctiam
1328 777 1367 815 in

73 835 156 888 ipso
189 835 289 875 Polo
324 834 529 874 destruetio
562 835 758 885 grauitatis
792 835 918 885 nulla,
955 835 1016 875 sed
1045 835 1139 876 haec
1158 837 1367 878 destructio

74 898 216 938 crescet
247 897 467 938 accedendo
501 897 661 949 propius
696 897 742 936 ad
766 897 1046 950 Aequatorem.
1112 899 1242 954 Quare
1262 913 1368 953 pon-

73 962 140 1002 dus
172 961 465 1013 vniuscuiusque
498 960 670 1011 corporis
704 960 742 998 in
774 960 871 999 Polo
905 960 985 1012 ipso
1018 963 1092 1000 erit
1124 963 1362 1015 maximum,

73 1025 178 1079 quod
208 1025 296 1064 ideo
331 1032 490 1062 vocatur
522 1022 776 1074 Absolutum3
818 1023 859 1061 in
893 1024 1114 1075 Aequatore
1154 1037 1250 1064 vcro
1285 1027 1364 1065 mi-

71 1089 250 1140 nimum3
288 1088 325 1125 in
363 1086 605 1125 intermediis
637 1093 764 1124 autem
799 1085 894 1124 locis
929 1087 1004 1125 erit
1036 1087 1186 1138 pondus
1218 1101 1365 1141 corpo-

70 1153 124 1191 ris
154 1152 274 1190 etiam
310 1149 484 1188 medium
520 1149 618 1187 inter
652 1148 873 1187 maximum
908 1158 948 1187 et
975 1149 1214 1202 minimum3
1249 1163 1365 1204 quare

72 1214 176 1262 (V.)
210 1211 494 1253 Confideranda
526 1212 643 1250 etiam
682 1212 756 1249 crit
788 1210 852 1249 illa
890 1211 991 1250 ratio
1024 1212 1088 1251 vel
1128 1215 1361 1266 proportio,

69 1277 174 1316 iuxta
208 1288 322 1328 quarn
358 1275 529 1327 pondera
567 1275 606 1312 in
638 1272 788 1312 diuersis
819 1286 840 1312 a
886 1273 983 1313 Polo
1016 1274 1210 1315 Parallelis
1242 1277 1362 1328 posita

72 1338 306 1380 decrescunt.
374 1336 503 1389 Ipsum
537 1348 632 1374 vero
666 1336 759 1375 illud
793 1337 941 1387 pondus
971 1336 1186 1388 residuum,
1229 1339 1358 1390 quod,

68 1402 243 1443 deti-asto
279 1401 338 1440 vis
369 1399 604 1451 centrifugae
637 1400 674 1438 in
705 1399 959 1438 directionem
988 1401 1183 1451 grauitatis
1203 1400 1357 1455 effeettu

70 1464 195 1506 adhuc
244 1463 426 1515 superest,
478 1463 610 1501 vocari
661 1462 804 1514 poterit
857 1461 1010 1501 Pondus
1052 1462 1355 1517 Respee‘tiuum,

69 1528 160 1576 vel,
193 1539 281 1566 cum
305 1525 532 1575 Newtono,
552 1524 773 1564 Solicitatio
793 1524 1074 1564 Acceleratrix.
1139 1525 1357 1577 (VI.)Per-

72 1591 296 1645 pendendae
328 1589 445 1627 etiam
480 1598 605 1637 erunt,
639 1588 678 1626 in
712 1599 934 1639 vnaquaque
967 1586 1154 1627 sententia
1189 1589 1287 1629 circa
1308 1589 1358 1629 fi-

68 1666 204 1707 guram
250 1652 419 1699 Terrae,
469 1650 729 1702 longitudines
776 1650 934 1703 penduli
979 1650 1135 1690 alicuius
1178 1653 1355 1704 pondere

69 1716 219 1765 onusti,
253 1714 392 1765 singula
424 1715 571 1753 minuta
615 1712 772 1752 secunda
814 1711 1034 1752 oscillantis.
1098 1711 1198 1754 Cum
1243 1715 1351 1755 enim

69 1789 248 1832 tempora
288 1777 423 1817 harum
454 1775 734 1815 oscillationum
785 1775 832 1815 ab
870 1776 1022 1815 astione
1069 1776 1266 1828 grauitatis
1307 1778 1350 1818 in

66 1841 297 1896 ponduscula
333 1839 504 1892 pendulis
536 1839 595 1878 liis
627 1850 775 1877 annexa
810 1839 990 1891 pendeat:
1031 1847 1072 1878 et
1111 1839 1215 1879 actio
1259 1852 1352 1892 gra-

66 1905 195 1945 uitatis
228 1905 266 1943 in
298 1903 442 1942 Terrae
480 1901 598 1954 figura
640 1901 777 1940 netu-ali
817 1901 864 1941 fit
909 1901 1129 1954 inaequalis:
1187 1901 1351 1954 sequitur

66 1967 352 2019 longitudinem
399 1965 516 2004 etiam
566 1964 757 2017 penduli,
816 1963 956 2016 fingula
1001 1965 1149 2005 minuta
1191 1963 1348 2005 secunda

67 2029 276 2072 oscillantis
311 2030 394 2069 fore
429 2028 470 2068 in
507 2027 659 2068 diuersis
695 2025 909 2081 superficiei
945 2026 1128 2068 terrestris
1157 2026 1255 2067 locis
1283 2028 1348 2066 in-

1203 2101 1347 2147 aequa-f
