1941 2674
525 73 636 123 ”503ss
670 73 686 125 )
721 84 749 114 0
783 73 800 124 (
839 76 954 128 &922⁰
1292 87 1376 128 197

696 190 777 232 DE

518 259 592 372 P
611 257 851 374 ΟΜ
870 258 969 373 O

164 474 226 532 T
231 471 514 533 RVNCO
594 473 930 532 ARBORIS
1009 471 1118 531 EN
1126 470 1312 534 ATO

523 577 902 619 DISSERTATzo
917 608 929 628 ,

98 666 145 702 IN
160 666 265 711 QVA
282 667 432 703 VARIA
450 664 755 701 TRADVNTVR
779 665 847 700 AD
871 664 1132 701 THEORIAM
1158 665 1378 705 VEGETA-

237 725 389 762 TIONIS
415 721 711 760 PLANTARVM
735 722 937 760 APPRIME
961 723 1236 762 FACIENTIA.

611 803 850 839 AVCTORF,

439 861 740 944 Christiano
775 862 865 925 W
860 861 988 942 olfio.

187 1047 203 1088 I
235 1049 327 1102 quid
362 1059 494 1087 mcum
528 1048 566 1087 in
598 1048 750 1089 scientia
771 1048 933 1090 naturali
953 1047 1137 1088 iudicium
1159 1049 1235 1101 cst,
1268 1049 1378 1102 Phy—

215 1113 308 1153 sicus
358 1111 640 1152 Astronomum
691 1113 839 1153 imitari
887 1111 1014 1151 debet.
1098 1112 1374 1167 Quamobrem

215 1187 310 1228 quae
351 1174 399 1214 de
440 1174 601 1214 Medico
642 1175 924 1216 Astronomum
961 1174 1140 1214 imitante
1180 1176 1295 1215 docui
1335 1177 1377 1217 in

83 1236 203 1278 Horis
233 1237 430 1278 subseciuis
462 1237 515 1277 A.
557 1250 686 1288 1729.
720 1239 853 1279 Trim.
887 1237 1012 1277 brum.
1049 1250 1090 1277 n·
1111 1236 1182 1278 IV.
1205 1251 1244 1291 p.
1273 1251 1373 1290 154.

84 1310 125 1340 et
156 1301 253 1354 seqq.
290 1314 335 1341 ea
367 1301 414 1340 ad
447 1299 651 1352 Phyficum
684 1314 834 1355 quoque
867 1301 1139 1341 transferenda.
1205 1302 1268 1342 Ad
1298 1302 1376 1342 hoc

81 1363 378 1404 imitamentum
411 1362 536 1404 refero
566 1365 880 1405 obseruationum
926 1376 1263 1417 quarumcunque,
1298 1366 1375 1406 siue

80 1427 300 1478 rariorum,
342 1427 416 1466 fiuc
459 1428 636 1467 maxime
677 1427 924 1480 vulgarium,
964 1427 1012 1466 ad
1044 1426 1217 1480 aliquem
1259 1427 1373 1469 vsum

81 1490 396 1541 translationem,
429 1489 639 1543 iisdemque
672 1502 753 1531 non
789 1502 841 1530 ex
872 1489 1050 1541 raritate,
1082 1503 1155 1544 qua
1191 1490 1371 1532 animum

80 1565 213 1593 rerum
251 1565 440 1593 nouarum
473 1554 656 1606 cupidum
689 1553 908 1604 oblestant‚
941 1552 1004 1593 sed
1037 1564 1088 1593 ex
1120 1553 1206 1605 vsu,
1248 1565 1367 1607 quem

80 1615 124 1655 in
161 1615 325 1656 theoriis
355 1615 588 1667 condendis,
621 1617 890 1657 examinandis
920 1624 960 1657 et
1001 1615 1180 1657 limandis
1223 1616 1366 1658 habere

78 1679 248 1732 possunt.
314 1679 510 1732 Equidem
547 1679 795 1732 obseruatio,
828 1680 874 1720 de
905 1692 978 1732 qua
1010 1679 1140 1720 dicere
1174 1680 1370 1733 constitui,

79 1741 122 1782 in
154 1741 428 1783 rarissimarum
464 1754 629 1783 numero
662 1743 738 1793 est,
770 1755 852 1783 non
883 1751 1016 1783 tamen
1048 1751 1131 1783 tam
1171 1743 1226 1783 ob
1267 1744 1368 1784 rari-

80 1813 226 1856 tatem,
259 1818 331 1858 qua
363 1806 404 1845 in
440 1806 743 1847 admirationem
775 1805 884 1847 facile
914 1805 1075 1846 coniicit
1094 1804 1271 1846 theoriae
1292 1818 1365 1846 ve-

77 1879 144 1909 rae
176 1869 434 1921 vegetationis
465 1870 642 1921 ignaros,
677 1882 793 1922 quam
812 1869 866 1910 ob
886 1867 1019 1920 Vsum,
1052 1881 1166 1922 quem
1187 1868 1365 1922 praestat,

75 1931 117 1971 in
151 1930 221 1971 hac
252 1930 331 1984 ipsa
363 1931 516 1973 theoria
547 1933 805 1973 examinanda
837 1943 877 1973 et
894 1931 1204 1983 corroboranda,
1238 1940 1366 1971 atten-

76 1994 230 2035 tionem
267 1994 516 2047 Phyficorum
549 1996 693 2037 mereri
726 1995 830 2039 mihi
861 1995 1029 2038 videtur.
1093 1994 1265 2038 Theotia
1292 2006 1366 2034 ve-

42 2060 44 2064 ’
629 2057 696 2099 Bb
731 2072 756 2110 3
1253 2065 1367 2113 geta-2
