1941 2674
431 58 470 100 N
475 55 619 99 ONDI
626 56 696 98 'M
728 54 1082 100 DESCRIPTIS.
1321 69 1339 95 1
1352 69 1369 94 1
1380 67 1401 106 ς

121 187 262 229 corpus
295 173 414 214 libere
446 174 623 215 cadendo
657 174 826 228 acquirat
857 173 982 228 ipsam
1021 187 1203 227 aquarum
1245 172 1412 213 effluen-

123 240 223 278 tium
247 237 513 277 velocitatem:
528 238 677 277 Verum
697 238 802 277 enim
824 250 921 278 vero
940 250 1056 291 aquae
1077 238 1277 278 effluentes
1296 237 1409 277 istum

124 302 346 341 velocitatis
377 301 536 353 gradum
569 313 762 353 nunquam
795 301 1011 353 attingunt,
1048 302 1136 353 quia
1169 300 1304 341 omnia
1324 298 1414 340 tolli

122 374 317 416 nequeunt
349 364 650 416 impedimenta:
687 363 803 415 igitur
836 376 914 403 non
949 373 1032 404 tam
1066 363 1228 404 altitudo
1247 362 1413 414 cylindri

123 427 235 480 aquei
271 426 332 466 hic
367 426 634 465 consideranda
676 426 808 476 venit,
851 439 968 478 quarn
1009 426 1172 466 altitudo
1213 425 1415 466 velocitati

123 502 308 542 aquarum
343 489 436 528 reali
467 487 714 541 respondens:
757 499 826 527 nec
866 489 973 527 enim
1014 489 1228 540 quaeritur,
1271 495 1414 541 quanta

122 552 332 591 velocitate
364 563 481 603 aquae
515 551 551 588 in
588 550 741 602 planum
774 550 1010 589 incurrerent
1042 549 1194 591 sublatis
1228 550 1414 592 omnibus

122 614 342 664 obstaculis,
380 613 438 653 scd
473 623 612 666 quanta
643 623 774 652 reuera
803 612 1013 652 incurrant.

239 708 362 747 Porro
395 706 569 744 foramen
604 706 770 746 effluxus
802 705 1060 746 consideratur
1098 713 1281 760 tanquam
1322 718 1412 747 am·-

126 771 274 823 plitudo
308 780 451 819 venae;
489 768 548 807 led
582 778 622 808 et
652 769 729 808 hoc
761 779 841 808 non
874 768 959 808 satis
997 778 1110 822 apte:
1160 782 1261 810 vena
1301 770 1413 810 enim

123 845 211 885 prae
244 831 433 871 foramine
473 830 701 884 plerumque
743 831 1055 872 commestionem
1096 833 1266 886 aliquam
1307 833 1413 886 pati-

121 906 206 944 tur,
239 905 331 946 quae
363 902 567 946 antequam
601 907 621 933 a
655 896 834 936 Newtono
870 893 1068 935 obseruata
1100 895 1217 948 esset,
1259 896 1413 936 multo-

120 969 205 996 rum
238 967 416 995 errorum
451 956 566 1008 origo
604 956 692 997 fuit:
728 961 812 1010 quis
844 967 975 997 autem
1009 971 1090 998 non
1109 959 1216 999 videt
1233 958 1328 998 loco
1346 957 1412 998 fo·-

119 1020 276 1060 raminis
308 1019 474 1058 cffluxus
505 1020 816 1060 considerandam
849 1020 897 1060 ab
931 1020 1165 1062 Auctoribus
1196 1018 1303 1061 fuiss‘e
1321 1033 1414 1063 am·

118 1083 352 1135 plitudinem
396 1094 516 1122 venae
557 1083 804 1133 contrastae,
847 1091 915 1122 aut
957 1085 1088 1136 potius
1137 1084 1411 1138 experimenta

116 1146 167 1185 ita
202 1145 429 1185 instituenda
463 1144 570 1185 suiffe
613 1146 745 1198 (quod
785 1144 871 1186 fieri
913 1145 1023 1198 poffe
1063 1156 1205 1187 notum
1246 1146 1324 1197 est)
1364 1153 1412 1187 vt

117 1208 334 1249 contractio
366 1220 488 1248 venae
521 1209 621 1248 nulla
654 1208 834 1249 oriretur.
903 1206 1165 1262 Comparetur
1205 1222 1305 1250 nunc
1325 1209 1413 1250 ani-

119 1284 190 1311 mo
223 1272 281 1311 vis
313 1283 431 1323 aquae
464 1274 739 1323 experimento
772 1271 977 1323 superioris
1005 1271 1235 1326 paragraphi
1255 1273 1412 1313 inuenta

119 1345 208 1372 cum
246 1334 415 1386 pondere
447 1334 614 1384 cylindri
647 1333 754 1385 aquei
788 1332 947 1373 formati
981 1347 1062 1374 non
1095 1347 1115 1374 a
1136 1334 1332 1376 foramine
1352 1334 1410 1374 ef·-

121 1395 249 1435 fluxus
279 1395 340 1435 sed
363 1408 384 1434 a
417 1408 514 1435 vena
549 1396 762 1445 contraCta,
799 1407 869 1436 nec
902 1396 950 1436 ab
982 1396 1183 1438 altitudine
1216 1410 1335 1451 aquae
1368 1398 1410 1437 in

118 1460 160 1499 in
193 1457 279 1498 vase
310 1466 532 1509 contentae,
566 1458 628 1499 sed
660 1459 708 1499 ab
740 1458 966 1509 altitudine,
1000 1472 1096 1512 quae
1114 1460 1313 1501 velocitati
1340 1461 1411 1514 ipsi

118 1520 348 1574 respondere
384 1521 536 1573 potuit,
569 1530 608 1561 et
641 1520 754 1561 facile
786 1530 861 1560 erit
880 1521 1068 1574 colligere
1087 1523 1298 1563 discrimen
1318 1523 1412 1563 lon-

115 1596 165 1637 ge
201 1584 325 1624 maius
359 1583 406 1623 sic
438 1584 559 1634 oriri,
605 1597 719 1636 quam
760 1584 864 1636 quod
905 1585 937 1632 §.
983 1597 1023 1624 2,
1062 1585 1269 1626 definitum
1319 1585 1407 1627 fuit.

117 1648 249 1699 Atque
281 1647 320 1686 id
354 1646 431 1696 est,
469 1658 547 1700 quo
579 1646 646 1687 fibi
678 1647 790 1687 illudi
821 1646 912 1700 paffi
941 1646 1024 1688 sunt
1043 1649 1408 1701 experimentorum

117 1709 390 1750 aestimatores.

236 1797 272 1845 §.
309 1817 352 1853 4.
389 1804 621 1844 Existimaui
661 1804 838 1845 animum
881 1804 1056 1845 Lestoris
1096 1805 1407 1859 praeparandum

113 1865 213 1918 effe,
246 1876 291 1906 vt
327 1867 525 1920 perspecta
561 1868 925 1920 experimentorum
946 1866 1069 1907 adhuc
1090 1868 1129 1907 in
1151 1868 1222 1909 hac
1243 1882 1283 1909 re
1303 1871 1410 1911 sum-

113 1939 246 1970 torum
281 1930 394 1970 dubia
428 1931 523 1970 facie
546 1931 646 1970 nolit
665 1931 832 1970 nimium
854 1931 932 1971 illis
950 1930 1086 1981 fidere,
1107 1941 1220 1985 atque
1240 1933 1267 1973 fi
1287 1933 1411 1986 aliqua

112 2006 191 2034 non
225 1993 327 2033 male
362 1993 572 2034 conuenire
605 1993 734 2034 videat
767 2006 855 2034 cum
878 2002 1036 2049 recepta
1057 1995 1216 2048 regula,
1249 1996 1288 2036 id
1318 2008 1410 2037 me-

676 2056 704 2096 P
740 2069 764 2095 2
1350 2070 1398 2099 ro
