1941 2674
446 67 514 113 IN
546 65 717 114 TVBIS
750 65 1185 112 CAPILLARIBVS.
1390 78 1473 119 273

161 194 206 227 vt
239 185 480 239 singularium
515 186 722 227 effectuum
761 197 874 225 verae
918 184 1064 224 causs'ae
1107 184 1300 237 patefiant.
1369 184 1478 225 Inte-

161 251 238 289 rim
274 260 404 289 tamcn
440 248 582 288 fastum
617 248 693 298 est,
740 258 783 287 vt
829 248 986 300 plui—imi
1022 247 1113 286 illud
1164 252 1272 295 (uon
1316 248 1472 299 dicam,

160 313 427 364 neglexerint,
463 311 548 361 sed)
581 325 660 351 non
693 311 778 350 satis
809 310 1062 357 attenderint,
1097 319 1134 349 ct
1169 310 1258 349 hinc
1292 312 1330 350 in
1363 312 1474 351 deuia

161 376 304 415 deflexi
351 389 373 415 a
423 375 586 415 veritate
637 375 912 414 aberrauerint.
1007 371 1081 412 Sed
1132 374 1348 414 iutelleehls
1400 373 1476 414 hu·

160 451 294 478 manus
312 439 506 478 interdum
529 438 612 477 vult
631 437 849 477 admoneri.
916 435 1164 491 Quapropter
1183 449 1272 476 cum
1294 438 1332 475 in
1352 436 1477 489 phae-

159 514 336 541 nomem)
369 500 534 541 ascensus
567 510 740 540 occurrat
773 500 916 539 vitrum
950 508 989 537 ct
1025 511 1143 550 aqua,
1179 500 1324 539 vitrum
1346 510 1475 539 autem

158 577 298 617 nquam
333 564 500 604 attrahat
532 573 570 602 ct
604 563 766 602 viciffim
801 561 886 607 (Pr.
910 560 1035 612 lV.)‚
1070 573 1190 614 neque
1225 563 1348 601 minus
1383 575 1476 615 par-

155 626 297 667 ticulae
330 638 471 680 aqueae
503 625 539 663 se
572 635 709 664 mutuo
744 625 831 671 (Pr.
847 623 921 673 V.)
954 623 1166 663 attrahant:
1200 625 1306 664 suum
1336 626 1475 677 cuique

158 689 403 729 tribuendum
437 688 514 737 est,
548 697 586 726 et
622 687 752 728 sedulo
788 687 1026 736 curandum,
1069 698 1117 725 ne
1153 687 1343 726 cautelam
1376 686 1474 727 hanc

157 763 210 793 ex
240 751 361 793 oculis
395 751 651 790 dimittamus.

510 837 978 899 PROPOSITIO
1014 805 1117 897 m.

273 927 487 981 Vbicunque
519 929 630 968 datur
660 926 829 982 punc‘lum
859 928 1041 978 vitreum,
1077 934 1113 966 et
1125 925 1316 981 particula
1335 936 1472 982 aquea,

155 992 194 1034 in
228 991 351 1032 debita
383 990 573 1046 dfiantia:
608 990 660 1030 ibi
677 991 789 1030 datm·
806 989 1007 1042 atti-affl&
1047 996 1084 1029 et
1089 991 1130 1045 fi
1145 991 1318 1044 distantia
1332 1003 1474 1045 aequa-

155 1054 203 1097 lis
235 1055 283 1111 cst
296 1085 307 1106 ‚
341 1052 516 1095 atti-amo
548 1055 663 1094 etiam
694 1052 861 1106 aequalis
899 1052 958 1107 cst.

588 1141 1036 1202 Demonstratio.

274 1233 332 1273 Vt
378 1231 558 1273 attractio
600 1231 692 1283 fiat,
746 1243 910 1284 corpora
957 1233 997 1272 in
1036 1230 1208 1272 debitam
1249 1230 1470 1272 distantiam

151 1296 347 1338 transferri
379 1296 542 1343 debent,
578 1306 674 1348 quae
706 1294 732 1334 fi
764 1294 885 1334 nimia
919 1294 984 1345 sit,
1022 1294 1178 1334 efflCtus
1209 1295 1340 1335 omnis
1379 1295 1472 1334 irri-

156 1370 216 1400 tus
249 1360 433 1400 redditur.
502 1358 602 1398 Hinc
637 1358 784 1397 vitrum
818 1358 858 1396 in
890 1369 1028 1408 aquam
1070 1369 1149 1396 non
1192 1357 1272 1409 agit
1313 1357 1384 1397 nifi
1427 1357 1468 1396 in

158 1423 326 1473 vicinia,
360 1431 400 1461 et
429 1422 455 1462 fi
487 1422 633 1461 vitrum
667 1433 688 1459 a
721 1428 826 1471 gutta
858 1432 975 1472 aquea
1010 1419 1094 1473 plus
1126 1419 1223 1459 iusto
1260 1419 1468 1472 separatur,

158 1494 366 1538 Vtrumque
398 1483 570 1537 quiescit‘
633 1483 723 1523 Hoc
754 1483 1016 1536 experientiae
1047 1482 1113 1522 est.
1182 1480 1243 1522 Sit
1269 1483 1349 1523 iam
1377 1483 1469 1535 glo-
1491 1480 1594 1520 Figura
1620 1489 1671 1512 10·

114 1548 117 1551 ’
158 1547 268 1588 bulus
302 1548 445 1587 vitreus
476 1545 534 1598 C,
569 1546 827 1586 circumdatus
860 1545 1002 1599 vbique
1034 1545 1154 1586 crusta
1173 1557 1313 1598 aqueae
1331 1544 1470 1598 sphae-

158 1611 238 1652 rica
276 1610 486 1660 AAAA,
520 1611 560 1649 in
591 1610 765 1650 distantia
797 1608 947 1661 aequali
977 1605 1085 1660 AC,
1126 1616 1263 1661 quanta
1303 1608 1469 1661 requiri-

159 1683 245 1725 tur,
280 1683 324 1713 vt
354 1673 531 1714 attraffio
564 1674 603 1712 iu
635 1671 814 1724 effed'tum
849 1672 986 1712 deduci
1021 1670 1144 1724 possit.
1213 1669 1346 1722 Dico,
1380 1670 1470 1711 nul-

155 1736 242 1777 lum
274 1736 459 1789 punstum
495 1733 570 1775 effe
601 1736 641 1775 in
672 1733 869 1788 superficie
899 1734 1011 1775 huius
1041 1733 1191 1786 globuli
1215 1733 1330 1785 vitri,
1363 1733 1469 1786 quod

161 1800 313 1840 nonin
344 1799 506 1839 crustam
538 1811 698 1851 aqueam
743 1806 853 1850 agat,
904 1806 944 1837 et
989 1796 1099 1837 illam
1147 1797 1196 1838 ad
1247 1796 1285 1836 se
1333 1796 1469 1846 secun-

159 1863 256 1903 dum
289 1863 471 1902 omnium
501 1863 700 1902 radiorum
736 1860 992 1900 directionem
1035 1859 1234 1910 attrahat,
1286 1868 1326 1899 et
1379 1859 1469 1912 qui-

160 1925 253 1965 dem
287 1926 327 1965 in
360 1926 471 1965 omni
505 1926 678 1965 distantia
710 1921 794 1964 AC
827 1922 1060 1976 aequalitem
1095 1922 1194 1974 flue,
1228 1922 1332 1974 quod
1360 1921 1469 1962 idem

157 1988 238 2038 est,
272 1988 476 2041 globulum
509 1988 636 2042 hunc,
671 1986 718 2029 ab
750 1986 932 2028 omnibus
963 1985 1112 2041 punstis
1154 1985 1297 2028 crustae
1328 1995 1471 2037 aqueae

159 2049 267 2093 Tom.
302 2048 433 2095 VIII.
720 2106 722 2110 7
811 2047 911 2092 Μαι
1254 2064 1278 2065 ”
1332 2046 1470 2104 sphaef
