1941 2674
353 95 746 140 PROPRIETATE
780 95 1200 139 GAVDENTJJ’M.
1359 83 1443 149 17'5

159 214 404 267 probicmate
441 214 749 268 isoperimetrico
781 215 1014 255 {oiutionem
1042 215 1126 256 satis
1157 217 1312 256 breuem
1333 224 1445 269 atque

159 277 312 317 facilem
348 279 508 329 tradidi,
540 290 615 330 ope
648 278 925 329 formularum,
958 279 1093 332 qulbus
1126 280 1296 331 cuiusque
1324 291 1447 332 geue-

159 341 210 380 ris
241 341 477 394 quaestiones
508 341 722 381 admodum
757 343 940 395 expedite
977 342 1115 382 resolui
1151 341 1316 395 poffunt.

279 406 312 453 ξ.
351 417 420 443 20.
458 404 577 460 Quod
612 404 683 443 hae
723 406 819 444 duae
862 406 1145 458 proprietates,
1185 417 1346 459 quarum
1386 405 1446 445 al-

162 476 242 505 tera
273 468 451 506 omnium
485 479 687 506 curuarum
720 469 942 506 communis
971 468 1041 506 effe
1064 469 1204 517 debet,
1237 468 1356 507 altera
1375 480 1449 508 ve-

160 541 206 567 ro
239 530 276 568 in
309 530 469 582 quaesita
503 530 724 569 maximum
757 530 1042 579 minimumue,
1080 531 1178 568 inter
1207 529 1241 568 se
1262 542 1449 571 commu-

158 593 231 630 tari
265 602 303 631 et
335 593 454 631 altera
487 593 524 630 in
561 591 716 630 alterius
760 590 895 629 locum
935 590 1122 630 collocari
1163 601 1325 643 queant,
1366 594 1447 632 iam

158 654 246 692 satis
280 655 451 705 constat3
489 663 598 704 atque
630 663 704 703 ego
739 652 858 692 etiam
907 664 980 704 pro
1014 653 1189 704 plurimis
1224 653 1447 694 huiusmodi

156 717 454 769 proprietatibus
471 715 633 754 exhibui
660 713 851 754 formulas
879 713 942 754 sub
975 714 1100 755 littera
1129 715 1158 755 P
1184 715 1444 768 confignatas,

155 792 251 832 quac
271 778 371 819 nulla
391 777 485 817 iacta
504 776 745 816 distinctione
766 776 866 816 inter
885 777 992 818 binas
1010 780 1267 831 proprietates
1294 791 1448 832 propo-

155 841 236 881 sitas
256 841 424 892 vsurpari
443 849 552 893 atque
574 839 700 878 statim
719 839 765 878 ad
784 841 1054 894 aequationem
1073 853 1145 894 pro
1157 842 1442 894 curuaquaeslta

152 903 283 944 deduci
302 900 470 955 poss‘unt.
538 901 610 942 Hic
631 902 786 955 quidem
806 904 948 944 eodem
969 913 1054 944 vtur
1074 904 1266 954 modo,et
1283 917 1351 958 per
1365 904 1446 946 hu-

153 966 321 1006 iusmodi
342 965 530 1005 formulas
549 965 578 1005 P
597 974 725 1005 totum
746 966 946 1018 negotium
966 966 1161 1007 absoluam
1179 979 1188 1017 3
1212 966 1274 1006 sed
1295 968 1443 1020 t1·ipl.i.ci

151 1030 301 1068 ratione
323 1029 428 1068 illam
464 1029 635 1081 priorem
672 1028 904 1069 methodum
931 1030 977 1070 ad
1010 1029 1203 1070 maiorem
1232 1029 1443 1082 perfectio-

150 1093 208 1131 nis
225 1092 385 1144 gradum
407 1091 486 1130 sum
506 1091 714 1131 euec't-urns.
734 1092 909 1132 Primum
932 1093 1037 1132 enim
1058 1103 1256 1144 exponam
1276 1093 1440 1134 metho-

151 1156 244 1195 dum
267 1155 390 1206 magis
408 1154 615 1206 genuinam
631 1185 642 1205 ,
663 1155 767 1195 cuius
783 1167 860 1208 ope
893 1155 1081 1195 eiusmodi
1100 1153 1290 1195 formulae
1311 1156 1439 1196 multo

152 1217 300 1257 facilius
343 1218 431 1257 clici
477 1217 641 1270 possunt.
723 1217 883 1258 Deinde
930 1219 1128 1271 ingentem
1181 1217 1439 1259 formularum

151 1281 206 1320 ibi
240 1280 467 1320 traditarum
500 1292 708 1320 numerum
742 1280 998 1331 contraham,
1033 1281 1086 1320 ita
1119 1289 1164 1320 vt
1190 1292 1329 1322 omnes
1348 1281 1440 1322 illae

151 1343 379 1383 coniunstre
412 1344 450 1382 in
492 1344 604 1382 vnica
649 1342 713 1382 vel
761 1343 904 1382 duabus
945 1343 1228 1383 contineantur.
1295 1344 1439 1384 Tertio

151 1407 270 1446 etiam
304 1406 497 1446 eiusmodi
531 1406 812 1458 proprietates,
853 1418 946 1459 quae
979 1404 1043 1446 vel
1088 1407 1223 1449 curuis
1253 1418 1438 1447 commu-

152 1481 220 1509 nes
253 1468 317 1508 vel
351 1469 389 1508 in
421 1468 581 1522 quaesita
615 1469 834 1508 maximum
869 1469 1130 1510 minimumue
1162 1466 1238 1508 esse
1270 1470 1434 1523 debent,

151 1532 332 1572 euoluam
367 1541 407 1572 et
442 1532 489 1572 ad
521 1531 708 1571 formulas
740 1531 951 1583 deducam,
985 1533 1033 1572 ad
1065 1544 1155 1584 quas
1189 1532 1438 1574 inueniendas

151 1595 260 1647 prior
293 1607 380 1635 mea
415 1594 622 1635 methodus
653 1594 718 1634 vel
758 1595 874 1635 nimis
908 1594 1112 1636 difficulter
1152 1594 1217 1636 vel
1264 1596 1437 1637 omnino

151 1670 230 1697 non
263 1657 484 1698 sufficiebat.

265 1723 295 1770 ξ.
338 1734 407 1761 21.
443 1720 505 1761 Sit
540 1721 656 1774 igitur
682 1715 829 1777 sde
874 1722 1064 1775 quantitas
1107 1719 1169 1762 seu
1218 1723 1433 1777 proprietas
1466 1729 1572 1778 ‘rabula
1596 1732 1633 1763 x.

150 1796 246 1837 quae
280 1783 344 1823 vel
376 1783 556 1824 omnibus
587 1785 710 1824 curuis
742 1784 884 1837 puncta
917 1795 995 1825 oet
1013 1796 1039 1825 a
1057 1784 1299 1837 iungentibus
1317 1799 1436 1828 com·
1457 1771 1558 1809 ¹⁷¹g¹¹¹²
1582 1780 1612 1803 ¹·

150 1847 277 1886 munis
311 1846 376 1886 vel
409 1847 448 1886 in
484 1848 644 1900 quaesita
679 1848 853 1888 maxima
896 1848 1108 1888 minimaue
1149 1847 1223 1888 effe
1266 1849 1433 1904 debeat3

149 1910 295 1949 constat
330 1921 416 1949 eam
452 1911 491 1949 in
525 1919 687 1964 Vtroque
720 1909 802 1950 casu
834 1911 874 1950 in
906 1911 1100 1951 elementa
1133 1912 1284 1952 abed
1310 1925 1432 1966 aeque

149 1984 377 2025 competere
408 1973 545 2012 debere
577 1986 620 2013 ac
653 1974 693 2012 in
735 1973 935 2014 elementa
961 1986 988 2014 a
1008 1972 1088 2028 ’ἔγ
1107 1987 1140 2014 c.
1224 1975 1355 2031 Quare
1404 1977 1443 2018 fi‘

147 2035 213 2076 illa
245 2036 432 2090 quantitas
456 2031 599 2093 sde
631 2037 680 2077 ad
722 2035 916 2079 elementa
956 2037 1079 2080 ahcd
1117 2037 1356 2094 applicetur,
1391 2047 1432 2078 et

1341 2110 1428 2143 tum
