1941 2674
519 110 611 149 344
894 87 983 134 DE
1018 84 1197 134 NVMO
1228 82 1412 133 MVSEI

518 212 726 253 Hardninus
764 209 803 250 in
843 209 964 249 nnmis
996 207 1145 249 vrbium
1182 216 1222 248 et
1252 205 1484 261 populorum
1523 203 1703 248 illustratis
1733 203 1800 259 (θ’)

518 285 712 328 Vtramque
738 274 959 327 opinionem
987 271 1203 326 repudiauit.
1266 270 1434 311 Emisam
1462 271 1577 320 item,
1611 281 1653 309 vt
1678 269 1800 324 Span-

519 338 685 386 hemius,
718 350 738 376 a
771 336 1074 387 Mesopotamia,
1106 335 1144 373 in
1174 346 1245 386 qua
1277 346 1410 373 numus
1442 333 1508 372 fiiit
1541 333 1659 383 cusus‚
1693 334 1804 373 nimis

519 411 709 441 remoram
740 400 853 452 priori
884 398 1078 437 sententiae
1106 408 1306 449 repugnare
1335 396 1504 444 monuit,
1538 397 1650 435 altera
1677 406 1803 436 autem

521 465 558 503 in
594 464 790 510 sententia,
823 461 1053 515 pereruditi,
1091 469 1131 498 vt
1164 459 1308 504 aiebat,
1341 457 1580 512 spanhem,
1623 472 1698 498 non
1732 471 1805 510 po-

522 528 592 566 tuit
623 525 868 579 acquiescere,
902 524 999 577 quod
1036 554 1044 562 .
1069 555 1076 562 .
1101 553 1108 560 .
1131 524 1214 561 ΜΙ.
1246 517 1430 574 coifioicue
1463 521 1627 573 legam,
1666 519 1808 574 corrosa

522 590 621 629 modo
649 589 779 629 littera
793 619 802 637 ,
835 589 976 627 iniuria
1002 585 1183 626 hominum
1203 586 1345 639 potius,
1379 597 1491 637 quam
1510 585 1700 635 vetustate.
1765 584 1807 623 1-

523 653 622 705 gitnr
647 653 774 693 AMI.
801 651 968 702 legebat,
1002 659 1044 689 vt
1071 649 1160 688 esset
1178 649 1316 687 Amida
1336 647 1649 701 Mesopotamiae.
1703 646 1808 687 Con-

525 725 580 755 tra
613 714 771 754 Ioannes
802 714 939 752 Valens
971 712 1029 758 (d)
1061 712 1288 751 concedebat
1321 711 1493 763 quidem,
1528 705 1700 764 iugeniofi
1734 710 1809 749 hoc

527 779 782 830 excogitatum
817 778 910 824 esse,
944 785 981 814 at
1012 776 1178 828 primam
1213 774 1373 813 litteram
1402 773 1602 827 paullulum
1635 774 1811 813 detritam

529 841 758 881 adseuerabat
778 870 788 889 ‚
842 851 933 890 ergo
968 850 1126 877 numum
1161 837 1207 876 ad
1243 836 1440 876 Emisenos
1471 836 1627 876 relatum
1661 836 1708 876 fic
1743 837 1812 876 de-

529 903 687 956 scripsit:

331 978 400 1005 'rab-
421 973 529 1005 XXW·
598 973 732 1012 ΑΥΤ.
752 970 871 1011 ΚΑΙ.
893 972 984 1010 ΑΥ.
1005 968 1419 1012 ΑΛΕΞΑΝΔΡΟΕ.
1437 968 1482 1010 C.
1495 971 1714 1011 Alexander
1731 969 1816 1011 lau-

351 1016 453 1052 sigum
480 1023 508 1043 ²‘
719 1041 873 1082 reatus,
906 1046 956 1072 m
947 1034 1020 1073 dio
1047 1041 1194 1086 empore
1219 1038 1345 1081 tenus,
1377 1033 1515 1073 dextra
1548 1033 1709 1089 hastam,
1743 1033 1815 1075 hu·

719 1109 818 1137 mero
849 1095 951 1136 laeuo
982 1096 1145 1149 clupeum
1169 1096 1287 1147 gerit

601 1168 724 1211 EMI.
740 1170 833 1208 ΚΟ.
853 1169 960 1207 MH.
984 1164 1246 1208 MECCOH.
1295 1165 1532 1208 ΙηιῃιάΑ
1552 1166 1818 1222 ΕμισωνΚσν

721 1231 860 1278 λωνίας
895 1225 1039 1282 ΜηἾξςο
1045 1225 1216 1276 ’πόλεως
1245 1225 1616 1285 ΜεσσῡωσἾαμὶας
1655 1227 1816 1287 musivis.

723 1291 874 1336 Mulier
905 1296 1044 1333 tur-rita
1075 1300 1113 1332 et
1147 1292 1279 1332 velata
1297 1323 1308 1342 ,
1358 1294 1512 1349 irfidens
1551 1295 1700 1349 rupibus
1734 1301 1821 1334 ante

723 1356 891 1404 arulam,
925 1357 1065 1396 dextra
1088 1354 1215 1410 spicas
1250 1362 1360 1396 tenet.

539 1428 749 1470 narduinus
765 1427 916 1467 Valenti
935 1428 972 1467 in
991 1427 1245 1467 Antirrhetico
1271 1427 1466 1479 diligenter
1489 1430 1697 1482 respondit,
1731 1441 1825 1469 con·-

540 1492 796 1544 ied'curamque
827 1490 926 1530 suam
961 1491 1159 1530 vindicauit
1193 1492 1270 1539 (e).
1336 1489 1586 1542 Spanhemius
1617 1505 1660 1532 ea
1681 1524 1691 1541 ‚
1732 1504 1825 1546 quae

541 1564 671 1594 contra
697 1554 732 1593 se
757 1553 963 1594 Harduinus
986 1554 1152 1602 dixerat,
1192 1565 1299 1605 aegre
1329 1554 1431 1593 tulit:
1465 1567 1553 1594 nam
1587 1564 1625 1594 ct
1655 1556 1747 1595 aliae
1778 1555 1827 1595 fi-

542 1617 746 1658 multatum
778 1618 872 1656 inter
898 1628 963 1656 eos
995 1617 1133 1656 cauffie
1165 1626 1267 1655 erant
1296 1617 1519 1668 complures.
1584 1617 1711 1671 Itaque
1737 1630 1825 1658 cnm

541 1681 588 1720 de
616 1681 831 1734 praestantia
859 1689 896 1719 et
921 1681 984 1719 vsu
1010 1679 1273 1719 numismatum
1303 1679 1495 1731 postremo
1526 1680 1652 1720 labore
1679 1690 1718 1720 et
1740 1681 1826 1720 exi-

543 1743 629 1783 mio
660 1744 854 1792 tractaret,
886 1742 1135 1782 defenfionem
1170 1742 1215 1781 iiii
1248 1741 1396 1793 suscepit
1428 1741 1512 1797 (f).
1579 1744 1736 1783 Viderat
1767 1745 1827 1783 in*-

543 1806 655 1846 terim
693 1816 731 1846 et
761 1806 836 1858 ipse
870 1818 1029 1845 numum
1052 1836 1062 1852 ,
1114 1818 1201 1844 cum
1237 1805 1422 1845 Hectoris
1457 1804 1741 1858 Brandeburgici
1774 1807 1830 1846 le·-

546 1870 694 1921 gatione
727 1869 822 1922 apud
852 1869 1001 1920 Regem
1030 1868 1205 1908 Franciae
1233 1867 1497 1919 defungeretur.
1564 1867 1685 1922 Igitur
1716 1882 1830 1923 nega-

548 1932 633 1984 bat,
667 1933 730 1972 vel
755 1945 776 1971 a
803 1932 837 1972 se
871 1931 972 1985 ipso,
1009 1932 1072 1971 vel
1099 1944 1119 1971 a
1149 1931 1325 1972 Federico
1355 1930 1540 1978 svlorello,
1573 1933 1672 1972 cuius
1703 1933 1739 1972 in
1773 1933 1830 1972 his

1754 1995 1828 2035 ssu-

689 2073 743 2109 (ο)
768 2083 794 2110 p.
807 2084 851 2110 37.
868 2075 908 2104 ed.
922 2075 995 2102 Paris
1017 2076 1100 2112 1634.
1184 2076 1241 2110 (d)
1267 2078 1298 2103 ln
1320 2076 1486 2104 numismatis
1505 2077 1674 2104 coloniaium
1693 2084 1721 2105 et
1739 2078 1831 2106 muni-

549 2113 684 2151 cip'orum
708 2121 783 2151 parte
805 2115 886 2143 altera
907 2123 935 2151 p.
954 2123 1019 2145 120.
1105 2115 1157 2153 (ε)
1180 2126 1198 2153 p
1222 2125 1270 2154 92
1350 2117 1410 2155 (J)
1435 2117 1529 2144 Tomo
1550 2119 1561 2145 Ι
1588 2126 1606 2154 p
1627 2117 1691 2153 604,
