1941 2674
238 75 326 118 EX
358 72 593 117 TRVNCO
629 71 872 114 ARBORIS
905 73 1118 115 ENATO.
1241 85 1326 122 207

54 207 171 248 gru-a,
207 191 393 233 sufficiunt
427 201 470 231 vt
501 190 760 243 intelligatur,
794 189 998 242 quomodo
1031 199 1178 228 truncus
1217 187 1338 227 arbo-

54 260 106 299 ris
139 257 302 296 ediderit
346 255 506 295 malum.
574 256 778 296 Nimirum
818 253 955 292 aestate
1007 252 1057 291 A.
1109 263 1223 301 1732
1287 263 1339 290 ex

55 331 193 361 trunco
226 321 373 359 arboris
407 318 579 370 prorupit
613 316 800 366 surculus,
834 317 899 368 qui
932 327 1022 353 cum
1056 315 1157 354 male
1176 314 1341 354 nutrire-

57 395 118 424 tur
151 383 196 422 ad
230 395 316 422 eam
339 382 612 435 proceritatem
634 380 798 419 minime
819 378 1095 418 extendebatur
1111 408 1122 428 ,
1156 378 1200 417 ad
1223 390 1341 430 quam

56 448 176 498 vulgo
212 446 388 497 protendi
420 444 565 493 solent,
606 443 667 494 qui
711 443 796 481 inde
839 443 1042 493 prodeunt.
1107 439 1206 480 Cum
1249 440 1343 480 folia

57 510 166 550 nullo
201 507 278 546 fere
313 506 515 546 interuallo
548 519 567 544 a
605 505 639 543 ie
673 506 840 542 inuicem
875 504 1052 542 distarent
1086 514 1124 541 et
1150 503 1344 542 {ubstantia

60 571 283 612 medullaris
317 566 449 608 iness‘et
480 579 694 618 perpauca,
735 567 781 603 ad
817 566 962 603 radices
995 564 1178 604 foliorum
1219 566 1346 604 nuliae

61 635 234 686 vegetari
270 640 447 685 poterant
477 640 671 679 gemmae.
743 626 812 665 Ast
832 639 1013 677 gemma,
1047 639 1142 678 quae
1164 628 1263 679 apici
1284 628 1346 664 in<

60 697 178 747 sedit,
222 695 361 734 florum
403 691 629 730 rudimentis
672 689 1031 740 impraegnabatur,
1085 702 1178 740 quae
1231 689 1346 728 instar

62 769 279 800 ceterorum
315 757 351 793 in
390 752 542 792 surculis
575 764 799 800 ramorum,
831 764 917 791 cum
952 762 1193 800 anno1733
1233 763 1351 803 gem-

65 835 129 863 ma
161 819 436 872 explicaretur,
470 815 732 854 maturitatem
767 813 869 852 suam
904 814 1041 865 adepta
1075 815 1112 853 in
1147 815 1261 854 flores
1281 815 1350 854 ab·

62 886 181 925 ibant.
246 879 467 930 Pericarpio
500 878 611 916 vnius
644 877 812 927 nutrito,
848 877 994 916 malum
1030 877 1219 917 crescebat
1237 888 1356 931 atque·

63 946 157 988 iusto
190 953 367 994 tempore
402 953 489 980 cum
521 940 676 990 ceteris,
713 952 808 992 quae
849 939 994 979 ferebat
1035 941 1174 991 arbor,
1221 952 1353 980 matu-

62 1005 241 1048 rescebat.
310 1003 490 1043 Surculus
521 1004 573 1044 A.
624 1013 733 1051 1732
770 1002 871 1042 male
904 1002 1066 1041 nutritus
1099 1004 1146 1043 ab
1174 1003 1352 1042 obserua-

62 1068 210 1109 toribus
245 1068 371 1107 minus
402 1066 684 1118 circumspectis
719 1078 790 1118 pro
825 1074 930 1117 parte
965 1066 1130 1116 pediculi
1174 1066 1353 1116 habitus,

61 1141 106 1171 vt
137 1132 224 1171 idco
259 1142 342 1183 pars
375 1130 537 1182 pediculi
571 1129 733 1169 dimidia
768 1140 886 1182 eaque
919 1127 1053 1167 infima
1092 1129 1238 1168 cortice
1279 1140 1354 1168 ve-

60 1195 144 1235 stit-a
180 1193 258 1233 visit
294 1192 427 1233 fuerit.

180 1317 298 1361 Nihil
332 1321 457 1372 itaque
490 1319 657 1372 amplius
687 1318 822 1369 restat,
855 1331 970 1372 quam
1003 1326 1046 1358 vt
1080 1318 1239 1358 dubium
1273 1319 1356 1359 tol-

69 1383 191 1434 latur,
224 1384 324 1436 quod
357 1384 453 1422 circa
486 1383 653 1421 nostr-am
687 1382 843 1422 effeetus
885 1391 1041 1420 natur-ae
1082 1381 1228 1421 insoliti
1280 1393 1354 1422 ex-

68 1447 324 1500 plicationem
374 1446 442 1485 vni
486 1445 646 1484 alteriue
686 1443 852 1484 subnasci
903 1444 1040 1497 potest.
1114 1444 1273 1485 Etenim
1326 1444 1354 1486 fi

68 1510 220 1549 theoria
255 1509 379 1549 nostra
419 1508 616 1558 standum,
667 1508 706 1546 in
748 1518 881 1547 trunco
922 1506 983 1546 seu
1034 1507 1160 1560 stipite
1209 1508 1359 1548 arboris

68 1573 228 1626 perinde
261 1585 302 1611 ac
336 1572 375 1610 in
412 1572 530 1610 ramis
562 1583 771 1624 eorumque
804 1570 953 1610 surculis
984 1569 1139 1622 singulis
1162 1571 1270 1610 annis
1288 1583 1360 1611 na·-

68 1636 219 1676 scnntur
251 1635 404 1675 vtriculi
420 1665 431 1684 ,
471 1634 509 1672 in
542 1634 678 1686 quibus
697 1646 775 1673 non
796 1633 920 1673 modo
941 1634 1219 1673 nutrimentum
1241 1646 1358 1674 com-

70 1699 234 1739 modum
266 1709 513 1750 gemmarum
546 1706 816 1750 praeparatur,
848 1694 906 1735 sed
940 1707 1072 1736 earum
1108 1708 1258 1748 quoque
1293 1709 1361 1737 ru-

72 1762 246 1801 dimenta
283 1773 360 1800 vna
389 1772 479 1799 cnm
516 1760 748 1800 rudi-mentis
777 1759 920 1798 florum
938 1788 949 1808 ,
1000 1759 1136 1811 quibus
1175 1770 1361 1811 gemmae

73 1825 410 1876 impraegnantur,
445 1823 618 1863 maxima
667 1823 779 1875 copia
821 1821 1054 1873 gignuntur,
1109 1821 1362 1874 vndecunque

74 1887 231 1927 tandem
291 1887 487 1939 prodeant.
585 1885 751 1938 Semper
808 1884 904 1924 adeo
946 1883 1034 1923 fieri
1082 1893 1259 1936 poterat,
1315 1893 1360 1924 vt

75 1961 126 1989 ex
158 1959 297 1989 trunco
336 1958 603 2000 vegetarentur
638 1959 821 2000 gemmae
857 1947 1040 1998 grauidae
1077 1947 1362 1999 earundemque

75 2012 270 2054 beneficio
301 2012 440 2053 fructus
473 2011 602 2052 eidem
638 2011 940 2052 admiscerentur.
1008 2009 1261 2063 Experientia
1299 2018 1361 2048 ta-

1267 2082 1363 2112 men
