<?xml version="1.0" encoding="UTF-8"?>
<!DOCTYPE html PUBLIC "-//W3C//DTD XHTML 1.0 Transitional//EN"
    "http://www.w3.org/TR/xhtml1/DTD/xhtml1-transitional.dtd">
<html xmlns="http://www.w3.org/1999/xhtml" xml:lang="en" lang="en">
 <head>
  <title>
</title>
<meta http-equiv="Content-Type" content="text/html;charset=utf-8" />
  <meta name='ocr-system' content='tesseract 3.04.00' />
  <meta name='ocr-capabilities' content='ocr_page ocr_carea ocr_par ocr_line ocrx_word'/>
</head>
<body>
  <div class='ocr_page' id='page_1' title='image "./commentariiacade08impe_0092.png"; bbox 0 0 1941 2674; ppageno 0'>
   <div class='ocr_carea' id='block_1_1' title="bbox 477 91 1662 153">
    <p class='ocr_par' dir='ltr' id='par_1_1' title="bbox 477 91 1662 153">
     <span class='ocr_line' id='line_1_1' title="bbox 477 91 1662 153; baseline -0.008 -11"><span class='ocrx_word' id='word_1_1' title='bbox 477 109 540 151; x_wconf 81' lang='lat'>72</span> <span class='ocrx_word' id='word_1_2' title='bbox 590 98 672 141; x_wconf 89' lang='lat' dir='ltr'>DE</span> <span class='ocrx_word' id='word_1_3' title='bbox 707 95 1188 140; x_wconf 84' lang='lat' dir='ltr'><strong><em>CONSTRVCTIONE</em></strong></span> <span class='ocrx_word' id='word_1_4' title='bbox 1222 91 1662 153; x_wconf 58' lang='lat' dir='ltr'><em>AEQWTIONVM.</em></span> 
     </span>
    </p>
   </div>
   <div class='ocr_carea' id='block_1_2' title="bbox 474 209 1769 876">
    <p class='ocr_par' dir='ltr' id='par_1_2' title="bbox 474 209 1769 876">
     <span class='ocr_line' id='line_1_2' title="bbox 594 209 1760 264; baseline 0.002 -14"><span class='ocrx_word' id='word_1_5' title='bbox 594 215 625 262; x_wconf 71' lang='lat'>§—</span> <span class='ocrx_word' id='word_1_6' title='bbox 666 225 734 262; x_wconf 79' lang='lat'>14.</span> <span class='ocrx_word' id='word_1_7' title='bbox 770 211 871 252; x_wconf 84' lang='lat' dir='ltr'>Cum</span> <span class='ocrx_word' id='word_1_8' title='bbox 907 211 1137 262; x_wconf 80' lang='lat' dir='ltr'><strong>methodus,</strong></span> <span class='ocrx_word' id='word_1_9' title='bbox 1176 223 1248 263; x_wconf 86' lang='lat' dir='ltr'>qua</span> <span class='ocrx_word' id='word_1_10' title='bbox 1279 211 1319 251; x_wconf 87' lang='lat' dir='ltr'>in</span> <span class='ocrx_word' id='word_1_11' title='bbox 1355 209 1581 250; x_wconf 65' lang='lat' dir='ltr'>reductione</span> <span class='ocrx_word' id='word_1_12' title='bbox 1621 222 1760 264; x_wconf 53' lang='lat' dir='ltr'>aequa*</span> 
     </span>
     <span class='ocr_line' id='line_1_3' title="bbox 476 271 1764 326; baseline -0.001 -11"><span class='ocrx_word' id='word_1_13' title='bbox 476 277 594 316; x_wconf 80' lang='lat' dir='ltr'>tionis</span> <span class='ocrx_word' id='word_1_14' title='bbox 626 275 863 314; x_wconf 61' lang='lat' dir='ltr'>constructae</span> <span class='ocrx_word' id='word_1_15' title='bbox 897 275 943 313; x_wconf 87' lang='lat' dir='ltr'>ad</span> <span class='ocrx_word' id='word_1_16' title='bbox 978 274 1274 326; x_wconf 82' lang='lat' dir='ltr'>descriptionem</span> <span class='ocrx_word' id='word_1_17' title='bbox 1309 273 1512 312; x_wconf 72' lang='lat' dir='ltr'>trac&#39;toriae</span> <span class='ocrx_word' id='word_1_18' title='bbox 1545 271 1626 312; x_wconf 90' lang='lat' dir='ltr'>sum</span> <span class='ocrx_word' id='word_1_19' title='bbox 1660 275 1764 324; x_wconf 74' lang='lat' dir='ltr'>vsus,</span> 
     </span>
     <span class='ocr_line' id='line_1_4' title="bbox 479 335 1762 388; baseline 0 -11"><span class='ocrx_word' id='word_1_20' title='bbox 479 351 699 378; x_wconf 75' lang='lat' dir='ltr'>maximam</span> <span class='ocrx_word' id='word_1_21' title='bbox 733 338 873 376; x_wconf 80' lang='lat' dir='ltr'>habeat</span> <span class='ocrx_word' id='word_1_22' title='bbox 905 337 1114 375; x_wconf 82' lang='lat' dir='ltr'>Vtilitatem</span> <span class='ocrx_word' id='word_1_23' title='bbox 1146 337 1185 375; x_wconf 93' lang='lat' dir='ltr'>in</span> <span class='ocrx_word' id='word_1_24' title='bbox 1211 335 1443 375; x_wconf 78' lang='lat' dir='ltr'>resolutione</span> <span class='ocrx_word' id='word_1_25' title='bbox 1470 335 1762 388; x_wconf 69' lang='lat' dir='ltr'>problematum</span> 
     </span>
     <span class='ocr_line' id='line_1_5' title="bbox 477 398 1766 453; baseline 0 -14"><span class='ocrx_word' id='word_1_26' title='bbox 477 402 716 453; x_wconf 73' lang='lat' dir='ltr'>generalium</span> <span class='ocrx_word' id='word_1_27' title='bbox 732 431 743 450; x_wconf 85' lang='lat'>‚</span> <span class='ocrx_word' id='word_1_28' title='bbox 777 411 871 451; x_wconf 84' lang='lat' dir='ltr'>quae</span> <span class='ocrx_word' id='word_1_29' title='bbox 904 399 949 438; x_wconf 80' lang='lat' dir='ltr'>ad</span> <span class='ocrx_word' id='word_1_30' title='bbox 969 399 1203 438; x_wconf 83' lang='lat' dir='ltr'>methodum</span> <span class='ocrx_word' id='word_1_31' title='bbox 1225 398 1464 450; x_wconf 76' lang='lat' dir='ltr'>tangentium</span> <span class='ocrx_word' id='word_1_32' title='bbox 1496 398 1681 437; x_wconf 74' lang='lat' dir='ltr'>inuetiam</span> <span class='ocrx_word' id='word_1_33' title='bbox 1701 412 1766 439; x_wconf 88' lang='lat' dir='ltr'>re-</span> 
     </span>
     <span class='ocr_line' id='line_1_6' title="bbox 474 460 1765 514; baseline -0.001 -12"><span class='ocrx_word' id='word_1_34' title='bbox 474 462 675 513; x_wconf 82' lang='lat' dir='ltr'>feruntur,</span> <span class='ocrx_word' id='word_1_35' title='bbox 709 462 772 501; x_wconf 90' lang='lat' dir='ltr'>hic</span> <span class='ocrx_word' id='word_1_36' title='bbox 805 462 988 501; x_wconf 82' lang='lat' dir='ltr'>nonnulla</span> <span class='ocrx_word' id='word_1_37' title='bbox 1020 461 1241 500; x_wconf 82' lang='lat' dir='ltr'>huiusmodi</span> <span class='ocrx_word' id='word_1_38' title='bbox 1275 460 1519 514; x_wconf 86' lang='lat' dir='ltr'>problemata</span> <span class='ocrx_word' id='word_1_39' title='bbox 1538 461 1765 514; x_wconf 78' lang='lat' dir='ltr'>adiungam,</span> 
     </span>
     <span class='ocr_line' id='line_1_7' title="bbox 477 520 1767 577; baseline -0.001 -12"><span class='ocrx_word' id='word_1_40' title='bbox 477 537 688 577; x_wconf 79' lang='lat' dir='ltr'>corumque</span> <span class='ocrx_word' id='word_1_41' title='bbox 718 523 1030 563; x_wconf 83' lang='lat' dir='ltr'>resoluendorum</span> <span class='ocrx_word' id='word_1_42' title='bbox 1065 524 1227 562; x_wconf 86' lang='lat' dir='ltr'>modum</span> <span class='ocrx_word' id='word_1_43' title='bbox 1271 523 1481 563; x_wconf 81' lang='lat' dir='ltr'>ostendam.</span> <span class='ocrx_word' id='word_1_44' title='bbox 1549 520 1670 562; x_wconf 86' lang='lat' dir='ltr'>Cuius</span> <span class='ocrx_word' id='word_1_45' title='bbox 1711 524 1767 564; x_wconf 88' lang='lat' dir='ltr'>rei</span> 
     </span>
     <span class='ocr_line' id='line_1_8' title="bbox 480 586 1765 639; baseline -0.001 -12"><span class='ocrx_word' id='word_1_46' title='bbox 480 589 582 628; x_wconf 88' lang='lat' dir='ltr'>ratio</span> <span class='ocrx_word' id='word_1_47' title='bbox 621 599 698 639; x_wconf 91' lang='lat' dir='ltr'>quo</span> <span class='ocrx_word' id='word_1_48' title='bbox 737 587 880 625; x_wconf 74' lang='lat' dir='ltr'>facilius</span> <span class='ocrx_word' id='word_1_49' title='bbox 922 586 1176 638; x_wconf 60' lang='lat' dir='ltr'>percipiatur,</span> <span class='ocrx_word' id='word_1_50' title='bbox 1231 596 1317 625; x_wconf 83' lang='lat' dir='ltr'>ante</span> <span class='ocrx_word' id='word_1_51' title='bbox 1361 586 1638 637; x_wconf 89' lang='lat' dir='ltr'>exponendum</span> <span class='ocrx_word' id='word_1_52' title='bbox 1688 587 1765 636; x_wconf 87' lang='lat' dir='ltr'>est,</span> 
     </span>
     <span class='ocr_line' id='line_1_9' title="bbox 479 648 1769 702; baseline -0.003 -13"><span class='ocrx_word' id='word_1_53' title='bbox 479 662 597 702; x_wconf 86' lang='lat' dir='ltr'>quam</span> <span class='ocrx_word' id='word_1_54' title='bbox 631 650 746 688; x_wconf 80' lang='lat' dir='ltr'>variis</span> <span class='ocrx_word' id='word_1_55' title='bbox 779 649 905 688; x_wconf 81' lang='lat' dir='ltr'>modis</span> <span class='ocrx_word' id='word_1_56' title='bbox 936 659 1068 688; x_wconf 85' lang='lat' dir='ltr'>natura</span> <span class='ocrx_word' id='word_1_57' title='bbox 1100 649 1276 700; x_wconf 87' lang='lat' dir='ltr'>cuiusque</span> <span class='ocrx_word' id='word_1_58' title='bbox 1308 660 1444 688; x_wconf 84' lang='lat' dir='ltr'>curuae</span> <span class='ocrx_word' id='word_1_59' title='bbox 1486 648 1598 699; x_wconf 84' lang='lat' dir='ltr'>poffit</span> <span class='ocrx_word' id='word_1_60' title='bbox 1641 649 1769 689; x_wconf 87' lang='lat' dir='ltr'>deter..</span> 
     </span>
     <span class='ocr_line' id='line_1_10' title="bbox 483 709 1767 763; baseline 0 -11"><span class='ocrx_word' id='word_1_61' title='bbox 483 712 652 762; x_wconf 84' lang='lat' dir='ltr'>minari,</span> <span class='ocrx_word' id='word_1_62' title='bbox 686 720 726 750; x_wconf 90' lang='lat' dir='ltr'>et</span> <span class='ocrx_word' id='word_1_63' title='bbox 758 712 913 763; x_wconf 82' lang='lat' dir='ltr'>quinam</span> <span class='ocrx_word' id='word_1_64' title='bbox 945 711 1015 751; x_wconf 83' lang='lat' dir='ltr'>sint</span> <span class='ocrx_word' id='word_1_65' title='bbox 1047 710 1105 750; x_wconf 92' lang='lat' dir='ltr'>illi</span> <span class='ocrx_word' id='word_1_66' title='bbox 1139 712 1269 760; x_wconf 81' lang='lat' dir='ltr'>modi,</span> <span class='ocrx_word' id='word_1_67' title='bbox 1317 723 1368 750; x_wconf 92' lang='lat' dir='ltr'>ex</span> <span class='ocrx_word' id='word_1_68' title='bbox 1408 710 1541 762; x_wconf 85' lang='lat' dir='ltr'>quibus</span> <span class='ocrx_word' id='word_1_69' title='bbox 1581 709 1767 752; x_wconf 67' lang='lat' dir='ltr'>facillime</span> 
     </span>
     <span class='ocr_line' id='line_1_11' title="bbox 483 772 1767 827; baseline 0 -12"><span class='ocrx_word' id='word_1_70' title='bbox 483 774 684 815; x_wconf 83' lang='lat' dir='ltr'>diiudicari</span> <span class='ocrx_word' id='word_1_71' title='bbox 716 773 853 826; x_wconf 69' lang='lat' dir='ltr'>poffit,</span> <span class='ocrx_word' id='word_1_72' title='bbox 895 786 944 813; x_wconf 82' lang='lat' dir='ltr'>an</span> <span class='ocrx_word' id='word_1_73' title='bbox 976 786 1091 815; x_wconf 80' lang='lat' dir='ltr'>curua</span> <span class='ocrx_word' id='word_1_74' title='bbox 1132 774 1325 827; x_wconf 64' lang='lat' dir='ltr'>proposita</span> <span class='ocrx_word' id='word_1_75' title='bbox 1368 773 1411 815; x_wconf 80' lang='lat' dir='ltr'>fit</span> <span class='ocrx_word' id='word_1_76' title='bbox 1451 772 1685 826; x_wconf 84' lang='lat' dir='ltr'>algebraica‚</span> <span class='ocrx_word' id='word_1_77' title='bbox 1718 787 1767 815; x_wconf 78' lang='lat' dir='ltr'>an</span> 
     </span>
     <span class='ocr_line' id='line_1_12' title="bbox 484 837 761 876; baseline 0.004 -1"><span class='ocrx_word' id='word_1_78' title='bbox 484 837 761 876; x_wconf 81' lang='lat' dir='ltr'>transcendens.</span> 
     </span>
    </p>
   </div>
   <div class='ocr_carea' id='block_1_3' title="bbox 484 931 1776 1721">
    <p class='ocr_par' dir='ltr' id='par_1_3' title="bbox 484 931 1776 1721">
     <span class='ocr_line' id='line_1_13' title="bbox 602 931 1768 984; baseline 0.001 -12"><span class='ocrx_word' id='word_1_79' title='bbox 602 934 634 982; x_wconf 70' lang='grc' dir='ltr'>ξ.</span> <span class='ocrx_word' id='word_1_80' title='bbox 673 942 743 981; x_wconf 82' lang='lat'>15.</span> <span class='ocrx_word' id='word_1_81' title='bbox 779 932 856 972; x_wconf 90' lang='lat' dir='ltr'>Vsu</span> <span class='ocrx_word' id='word_1_82' title='bbox 892 931 972 971; x_wconf 86' lang='lat' dir='ltr'>iam</span> <span class='ocrx_word' id='word_1_83' title='bbox 1007 931 1185 971; x_wconf 82' lang='lat' dir='ltr'>maxime</span> <span class='ocrx_word' id='word_1_84' title='bbox 1217 939 1416 984; x_wconf 87' lang='lat' dir='ltr'>receptum</span> <span class='ocrx_word' id='word_1_85' title='bbox 1451 932 1528 984; x_wconf 87' lang='lat' dir='ltr'>est,</span> <span class='ocrx_word' id='word_1_86' title='bbox 1561 940 1604 972; x_wconf 83' lang='lat' dir='ltr'>vt</span> <span class='ocrx_word' id='word_1_87' title='bbox 1635 940 1768 973; x_wconf 80' lang='lat' dir='ltr'>natura</span> 
     </span>
     <span class='ocr_line' id='line_1_14' title="bbox 485 994 1772 1047; baseline 0.001 -13"><span class='ocrx_word' id='word_1_88' title='bbox 485 995 665 1047; x_wconf 83' lang='lat' dir='ltr'>cuiusque</span> <span class='ocrx_word' id='word_1_89' title='bbox 699 1008 836 1034; x_wconf 87' lang='lat' dir='ltr'>curuae</span> <span class='ocrx_word' id='word_1_90' title='bbox 870 994 1112 1047; x_wconf 85' lang='lat' dir='ltr'>exprimatur</span> <span class='ocrx_word' id='word_1_91' title='bbox 1142 995 1367 1047; x_wconf 77' lang='lat' dir='ltr'>aequatione</span> <span class='ocrx_word' id='word_1_92' title='bbox 1399 995 1501 1034; x_wconf 88' lang='lat' dir='ltr'>inter</span> <span class='ocrx_word' id='word_1_93' title='bbox 1531 995 1621 1035; x_wconf 83' lang='lat' dir='ltr'>duas</span> <span class='ocrx_word' id='word_1_94' title='bbox 1653 1008 1772 1035; x_wconf 81' lang='lat' dir='ltr'>coor-</span> 
     </span>
     <span class='ocr_line' id='line_1_15' title="bbox 485 1055 1770 1110; baseline 0.002 -15"><span class='ocrx_word' id='word_1_95' title='bbox 485 1057 634 1096; x_wconf 76' lang='lat' dir='ltr'>dinatus</span> <span class='ocrx_word' id='word_1_96' title='bbox 675 1057 954 1110; x_wconf 81' lang='lat' dir='ltr'>orthogonales</span> <span class='ocrx_word' id='word_1_97' title='bbox 992 1056 1189 1096; x_wconf 72' lang='lat' dir='ltr'>abscissam</span> <span class='ocrx_word' id='word_1_98' title='bbox 1232 1055 1376 1095; x_wconf 71' lang='lat' dir='ltr'>scilicet</span> <span class='ocrx_word' id='word_1_99' title='bbox 1423 1066 1464 1096; x_wconf 90' lang='lat' dir='ltr'>et</span> <span class='ocrx_word' id='word_1_100' title='bbox 1511 1058 1770 1110; x_wconf 77' lang='lat' dir='ltr'>applicata-m,</span> 
     </span>
     <span class='ocr_line' id='line_1_16' title="bbox 485 1118 1773 1173; baseline 0.002 -16"><span class='ocrx_word' id='word_1_101' title='bbox 485 1121 627 1171; x_wconf 79' lang='lat' dir='ltr'>quippe</span> <span class='ocrx_word' id='word_1_102' title='bbox 659 1131 709 1159; x_wconf 83' lang='lat' dir='ltr'>ex</span> <span class='ocrx_word' id='word_1_103' title='bbox 747 1133 818 1172; x_wconf 86' lang='lat' dir='ltr'>qua</span> <span class='ocrx_word' id='word_1_104' title='bbox 854 1119 1047 1172; x_wconf 77' lang='lat' dir='ltr'>quaelibet</span> <span class='ocrx_word' id='word_1_105' title='bbox 1082 1130 1217 1158; x_wconf 85' lang='lat' dir='ltr'>curuae</span> <span class='ocrx_word' id='word_1_106' title='bbox 1250 1119 1392 1170; x_wconf 66' lang='lat' dir='ltr'>pune‘ta</span> <span class='ocrx_word' id='word_1_107' title='bbox 1412 1118 1595 1160; x_wconf 67' lang='lat' dir='ltr'>facillime</span> <span class='ocrx_word' id='word_1_108' title='bbox 1618 1120 1773 1173; x_wconf 79' lang='lat' dir='ltr'>possunt</span> 
     </span>
     <span class='ocr_line' id='line_1_17' title="bbox 484 1181 1769 1235; baseline 0.001 -14"><span class='ocrx_word' id='word_1_109' title='bbox 484 1181 666 1221; x_wconf 70' lang='lat' dir='ltr'>inueniri.</span> <span class='ocrx_word' id='word_1_110' title='bbox 731 1182 797 1222; x_wconf 88' lang='lat' dir='ltr'>Ex</span> <span class='ocrx_word' id='word_1_111' title='bbox 847 1182 1072 1221; x_wconf 79' lang='lat' dir='ltr'>huiusmodi</span> <span class='ocrx_word' id='word_1_112' title='bbox 1120 1181 1349 1233; x_wconf 82' lang='lat' dir='ltr'>aequatione</span> <span class='ocrx_word' id='word_1_113' title='bbox 1401 1181 1532 1234; x_wconf 90' lang='lat' dir='ltr'>sponte</span> <span class='ocrx_word' id='word_1_114' title='bbox 1576 1181 1769 1235; x_wconf 81' lang='lat' dir='ltr'>sequitur,</span> 
     </span>
     <span class='ocr_line' id='line_1_18' title="bbox 486 1243 1772 1298; baseline 0.001 -15"><span class='ocrx_word' id='word_1_115' title='bbox 486 1254 623 1284; x_wconf 86' lang='lat' dir='ltr'>vtrum</span> <span class='ocrx_word' id='word_1_116' title='bbox 656 1256 772 1283; x_wconf 87' lang='lat' dir='ltr'>curua</span> <span class='ocrx_word' id='word_1_117' title='bbox 804 1243 847 1283; x_wconf 89' lang='lat' dir='ltr'>fit</span> <span class='ocrx_word' id='word_1_118' title='bbox 878 1244 1091 1296; x_wconf 81' lang='lat' dir='ltr'>algebtaica</span> <span class='ocrx_word' id='word_1_119' title='bbox 1131 1256 1180 1283; x_wconf 88' lang='lat' dir='ltr'>an</span> <span class='ocrx_word' id='word_1_120' title='bbox 1219 1243 1345 1295; x_wconf 79' lang='lat' dir='ltr'>secus3</span> <span class='ocrx_word' id='word_1_121' title='bbox 1391 1257 1483 1284; x_wconf 84' lang='lat' dir='ltr'>nam</span> <span class='ocrx_word' id='word_1_122' title='bbox 1524 1244 1552 1285; x_wconf 90' lang='lat' dir='ltr'>fi</span> <span class='ocrx_word' id='word_1_123' title='bbox 1591 1246 1772 1298; x_wconf 78' lang='lat' dir='ltr'>aequatio</span> 
     </span>
     <span class='ocr_line' id='line_1_19' title="bbox 485 1304 1776 1358; baseline 0.002 -13"><span class='ocrx_word' id='word_1_124' title='bbox 485 1305 541 1345; x_wconf 88' lang='lat' dir='ltr'>est</span> <span class='ocrx_word' id='word_1_125' title='bbox 572 1305 785 1358; x_wconf 81' lang='lat' dir='ltr'>algebraica</span> <span class='ocrx_word' id='word_1_126' title='bbox 817 1318 931 1345; x_wconf 84' lang='lat' dir='ltr'>curua</span> <span class='ocrx_word' id='word_1_127' title='bbox 962 1317 1117 1358; x_wconf 89' lang='lat' dir='ltr'>quoque</span> <span class='ocrx_word' id='word_1_128' title='bbox 1148 1304 1232 1344; x_wconf 86' lang='lat' dir='ltr'>talis</span> <span class='ocrx_word' id='word_1_129' title='bbox 1267 1305 1461 1356; x_wconf 80' lang='lat' dir='ltr'>censetur,</span> <span class='ocrx_word' id='word_1_130' title='bbox 1494 1306 1546 1346; x_wconf 91' lang='lat' dir='ltr'>fin</span> <span class='ocrx_word' id='word_1_131' title='bbox 1578 1319 1676 1347; x_wconf 90' lang='lat' dir='ltr'>vero</span> <span class='ocrx_word' id='word_1_132' title='bbox 1707 1319 1776 1346; x_wconf 79' lang='lat' dir='ltr'>ae-</span> 
     </span>
     <span class='ocr_line' id='line_1_20' title="bbox 487 1366 1776 1420; baseline 0.002 -13"><span class='ocrx_word' id='word_1_133' title='bbox 487 1369 621 1420; x_wconf 83' lang='lat' dir='ltr'>quatio</span> <span class='ocrx_word' id='word_1_134' title='bbox 650 1367 765 1408; x_wconf 78' lang='lat' dir='ltr'>fuerit</span> <span class='ocrx_word' id='word_1_135' title='bbox 784 1366 1070 1414; x_wconf 82' lang='lat' dir='ltr'>transcendens,</span> <span class='ocrx_word' id='word_1_136' title='bbox 1108 1379 1219 1406; x_wconf 86' lang='lat' dir='ltr'>curua</span> <span class='ocrx_word' id='word_1_137' title='bbox 1238 1379 1391 1419; x_wconf 89' lang='lat' dir='ltr'>quoque</span> <span class='ocrx_word' id='word_1_138' title='bbox 1409 1368 1676 1409; x_wconf 82' lang='lat' dir='ltr'>transcendens</span> <span class='ocrx_word' id='word_1_139' title='bbox 1701 1368 1776 1410; x_wconf 85' lang='lat' dir='ltr'>ha-</span> 
     </span>
     <span class='ocr_line' id='line_1_21' title="bbox 487 1429 1775 1485; baseline 0.002 -15"><span class='ocrx_word' id='word_1_140' title='bbox 487 1430 611 1470; x_wconf 86' lang='lat' dir='ltr'>betur.</span> <span class='ocrx_word' id='word_1_141' title='bbox 677 1431 830 1471; x_wconf 85' lang='lat' dir='ltr'>Eadem</span> <span class='ocrx_word' id='word_1_142' title='bbox 863 1442 959 1470; x_wconf 79' lang='lat' dir='ltr'>veto</span> <span class='ocrx_word' id='word_1_143' title='bbox 994 1429 1190 1469; x_wconf 80' lang='lat' dir='ltr'>conclusio</span> <span class='ocrx_word' id='word_1_144' title='bbox 1222 1429 1359 1469; x_wconf 89' lang='lat' dir='ltr'>deduci</span> <span class='ocrx_word' id='word_1_145' title='bbox 1378 1431 1504 1482; x_wconf 83' lang='lat' dir='ltr'>potest</span> <span class='ocrx_word' id='word_1_146' title='bbox 1544 1443 1596 1470; x_wconf 84' lang='lat' dir='ltr'>ex</span> <span class='ocrx_word' id='word_1_147' title='bbox 1632 1445 1775 1485; x_wconf 87' lang='lat' dir='ltr'>aequa-</span> 
     </span>
     <span class='ocr_line' id='line_1_22' title="bbox 486 1491 1776 1544; baseline 0.001 -10"><span class='ocrx_word' id='word_1_148' title='bbox 486 1494 594 1534; x_wconf 86' lang='lat' dir='ltr'>tione</span> <span class='ocrx_word' id='word_1_149' title='bbox 627 1493 728 1533; x_wconf 85' lang='lat' dir='ltr'>intet</span> <span class='ocrx_word' id='word_1_150' title='bbox 757 1493 849 1533; x_wconf 83' lang='lat' dir='ltr'>alias</span> <span class='ocrx_word' id='word_1_151' title='bbox 878 1493 1002 1533; x_wconf 64' lang='lat' dir='ltr'>rectas</span> <span class='ocrx_word' id='word_1_152' title='bbox 1031 1491 1176 1543; x_wconf 85' lang='lat' dir='ltr'>lineas,</span> <span class='ocrx_word' id='word_1_153' title='bbox 1207 1504 1304 1544; x_wconf 84' lang='lat' dir='ltr'>quae</span> <span class='ocrx_word' id='word_1_154' title='bbox 1335 1504 1471 1532; x_wconf 84' lang='lat' dir='ltr'>curuae</span> <span class='ocrx_word' id='word_1_155' title='bbox 1503 1502 1679 1534; x_wconf 86' lang='lat' dir='ltr'>naturam</span> <span class='ocrx_word' id='word_1_156' title='bbox 1699 1506 1776 1535; x_wconf 82' lang='lat' dir='ltr'>ex·-</span> 
     </span>
     <span class='ocr_line' id='line_1_23' title="bbox 487 1553 1774 1609; baseline 0.002 -15"><span class='ocrx_word' id='word_1_157' title='bbox 487 1556 657 1608; x_wconf 79' lang='lat' dir='ltr'>primat,</span> <span class='ocrx_word' id='word_1_158' title='bbox 693 1555 717 1595; x_wconf 86' lang='lat' dir='ltr'><strong>fi</strong></span> <span class='ocrx_word' id='word_1_159' title='bbox 751 1555 877 1596; x_wconf 90' lang='lat' dir='ltr'>modo</span> <span class='ocrx_word' id='word_1_160' title='bbox 910 1555 1052 1608; x_wconf 90' lang='lat' dir='ltr'>pofitio</span> <span class='ocrx_word' id='word_1_161' title='bbox 1084 1566 1216 1594; x_wconf 88' lang='lat' dir='ltr'>earum</span> <span class='ocrx_word' id='word_1_162' title='bbox 1260 1553 1451 1594; x_wconf 67' lang='lat' dir='ltr'>rest-arum</span> <span class='ocrx_word' id='word_1_163' title='bbox 1485 1567 1564 1594; x_wconf 89' lang='lat' dir='ltr'>non</span> <span class='ocrx_word' id='word_1_164' title='bbox 1607 1556 1654 1595; x_wconf 88' lang='lat' dir='ltr'>ab</span> <span class='ocrx_word' id='word_1_165' title='bbox 1693 1557 1774 1609; x_wconf 83' lang='lat' dir='ltr'>ipsa</span> 
     </span>
     <span class='ocr_line' id='line_1_24' title="bbox 487 1615 1772 1671; baseline 0.002 -14"><span class='ocrx_word' id='word_1_166' title='bbox 487 1630 603 1657; x_wconf 86' lang='lat' dir='ltr'>curua</span> <span class='ocrx_word' id='word_1_167' title='bbox 636 1619 822 1671; x_wconf 86' lang='lat' dir='ltr'>pendeat,</span> <span class='ocrx_word' id='word_1_168' title='bbox 858 1619 920 1657; x_wconf 92' lang='lat' dir='ltr'>secl</span> <span class='ocrx_word' id='word_1_169' title='bbox 951 1616 1016 1658; x_wconf 85' lang='lat' dir='ltr'>vel</span> <span class='ocrx_word' id='word_1_170' title='bbox 1047 1615 1095 1656; x_wconf 89' lang='lat' dir='ltr'>ad</span> <span class='ocrx_word' id='word_1_171' title='bbox 1137 1617 1270 1656; x_wconf 88' lang='lat' dir='ltr'>datum</span> <span class='ocrx_word' id='word_1_172' title='bbox 1310 1616 1495 1669; x_wconf 71' lang='lat' dir='ltr'>punc‘tum</span> <span class='ocrx_word' id='word_1_173' title='bbox 1536 1616 1602 1657; x_wconf 86' lang='lat' dir='ltr'>vel</span> <span class='ocrx_word' id='word_1_174' title='bbox 1642 1619 1772 1660; x_wconf 85' lang='lat' dir='ltr'>datam</span> 
     </span>
     <span class='ocr_line' id='line_1_25' title="bbox 487 1679 861 1721; baseline -0.003 -2"><span class='ocrx_word' id='word_1_175' title='bbox 487 1679 630 1720; x_wconf 88' lang='lat' dir='ltr'>lineam</span> <span class='ocrx_word' id='word_1_176' title='bbox 665 1680 861 1721; x_wconf 81' lang='lat' dir='ltr'>referatur.</span> 
     </span>
    </p>
   </div>
   <div class='ocr_carea' id='block_1_4' title="bbox 485 1769 1772 2132">
    <p class='ocr_par' dir='ltr' id='par_1_4' title="bbox 485 1769 1770 2081">
     <span class='ocr_line' id='line_1_26' title="bbox 600 1769 1770 1830; baseline 0.006 -19"><span class='ocrx_word' id='word_1_177' title='bbox 600 1774 634 1822; x_wconf 83' lang='lat'>§.</span> <span class='ocrx_word' id='word_1_178' title='bbox 675 1776 743 1812; x_wconf 90' lang='lat'>16.</span> <span class='ocrx_word' id='word_1_179' title='bbox 779 1774 837 1813; x_wconf 88' lang='lat' dir='ltr'>At</span> <span class='ocrx_word' id='word_1_180' title='bbox 867 1771 894 1813; x_wconf 88' lang='lat' dir='ltr'>fi</span> <span class='ocrx_word' id='word_1_181' title='bbox 927 1769 1065 1825; x_wconf 76' lang='lat' dir='ltr'>positio</span> <span class='ocrx_word' id='word_1_182' title='bbox 1104 1785 1237 1814; x_wconf 84' lang='lat' dir='ltr'>earum</span> <span class='ocrx_word' id='word_1_183' title='bbox 1279 1772 1495 1825; x_wconf 86' lang='lat' dir='ltr'>linearum,</span> <span class='ocrx_word' id='word_1_184' title='bbox 1536 1776 1637 1817; x_wconf 85' lang='lat' dir='ltr'>inter</span> <span class='ocrx_word' id='word_1_185' title='bbox 1676 1789 1770 1830; x_wconf 85' lang='lat' dir='ltr'>quas</span> 
     </span>
     <span class='ocr_line' id='line_1_27' title="bbox 486 1837 1770 1892; baseline 0.006 -19"><span class='ocrx_word' id='word_1_186' title='bbox 486 1837 666 1886; x_wconf 80' lang='lat' dir='ltr'>aequatio</span> <span class='ocrx_word' id='word_1_187' title='bbox 705 1847 841 1875; x_wconf 79' lang='lat' dir='ltr'>cumae</span> <span class='ocrx_word' id='word_1_188' title='bbox 882 1844 1058 1875; x_wconf 83' lang='lat' dir='ltr'>naturam</span> <span class='ocrx_word' id='word_1_189' title='bbox 1097 1837 1313 1889; x_wconf 81' lang='lat' dir='ltr'>exprimit,</span> <span class='ocrx_word' id='word_1_190' title='bbox 1357 1839 1437 1879; x_wconf 90' lang='lat' dir='ltr'>fine</span> <span class='ocrx_word' id='word_1_191' title='bbox 1476 1850 1615 1879; x_wconf 84' lang='lat' dir='ltr'>curuae</span> <span class='ocrx_word' id='word_1_192' title='bbox 1653 1839 1770 1892; x_wconf 88' lang='lat' dir='ltr'>-ipfius</span> 
     </span>
     <span class='ocr_line' id='line_1_28' title="bbox 486 1897 1768 1954; baseline 0.006 -19"><span class='ocrx_word' id='word_1_193' title='bbox 486 1897 711 1948; x_wconf 88' lang='lat' dir='ltr'>cognitione</span> <span class='ocrx_word' id='word_1_194' title='bbox 743 1897 893 1937; x_wconf 87' lang='lat' dir='ltr'>definiri</span> <span class='ocrx_word' id='word_1_195' title='bbox 934 1910 1015 1936; x_wconf 88' lang='lat' dir='ltr'>non</span> <span class='ocrx_word' id='word_1_196' title='bbox 1045 1899 1198 1951; x_wconf 87' lang='lat' dir='ltr'>potest,</span> <span class='ocrx_word' id='word_1_197' title='bbox 1230 1911 1282 1939; x_wconf 87' lang='lat' dir='ltr'>ex</span> <span class='ocrx_word' id='word_1_198' title='bbox 1315 1912 1360 1940; x_wconf 82' lang='lat' dir='ltr'>ea</span> <span class='ocrx_word' id='word_1_199' title='bbox 1394 1902 1622 1954; x_wconf 86' lang='lat' dir='ltr'>aequatione</span> <span class='ocrx_word' id='word_1_200' title='bbox 1647 1903 1768 1943; x_wconf 88' lang='lat' dir='ltr'>etiam</span> 
     </span>
     <span class='ocr_line' id='line_1_29' title="bbox 485 1959 1769 2017; baseline 0.004 -17"><span class='ocrx_word' id='word_1_201' title='bbox 485 1960 626 2011; x_wconf 75' lang='lat' dir='ltr'>singula</span> <span class='ocrx_word' id='word_1_202' title='bbox 659 1972 795 2000; x_wconf 86' lang='lat' dir='ltr'>curuae</span> <span class='ocrx_word' id='word_1_203' title='bbox 827 1959 965 2013; x_wconf 60' lang='lat' dir='ltr'>puncta</span> <span class='ocrx_word' id='word_1_204' title='bbox 1005 1960 1231 2001; x_wconf 87' lang='lat' dir='ltr'>immediate</span> <span class='ocrx_word' id='word_1_205' title='bbox 1271 1963 1437 2004; x_wconf 90' lang='lat' dir='ltr'>inueniri</span> <span class='ocrx_word' id='word_1_206' title='bbox 1479 1976 1559 2003; x_wconf 89' lang='lat' dir='ltr'>non</span> <span class='ocrx_word' id='word_1_207' title='bbox 1601 1962 1769 2017; x_wconf 72' lang='lat' dir='ltr'>possunt.</span> 
     </span>
     <span class='ocr_line' id='line_1_30' title="bbox 488 2022 1767 2081; baseline 0.002 -16"><span class='ocrx_word' id='word_1_208' title='bbox 488 2022 558 2065; x_wconf 81' lang='lat' dir='ltr'>Ex</span> <span class='ocrx_word' id='word_1_209' title='bbox 592 2022 814 2065; x_wconf 83' lang='lat' dir='ltr'>huiusmodi</span> <span class='ocrx_word' id='word_1_210' title='bbox 855 2033 1008 2079; x_wconf 82' lang='lat' dir='ltr'>quoque</span> <span class='ocrx_word' id='word_1_211' title='bbox 1045 2024 1300 2081; x_wconf 84' lang='lat' dir='ltr'>aequatione,</span> <span class='ocrx_word' id='word_1_212' title='bbox 1335 2026 1404 2069; x_wconf 87' lang='lat' dir='ltr'>etfi</span> <span class='ocrx_word' id='word_1_213' title='bbox 1436 2026 1490 2068; x_wconf 91' lang='lat' dir='ltr'>est</span> <span class='ocrx_word' id='word_1_214' title='bbox 1528 2026 1767 2080; x_wconf 86' lang='lat' dir='ltr'>algebraica,</span> 
     </span>
    </p>

    <p class='ocr_par' dir='ltr' id='par_1_5' title="bbox 1639 2097 1772 2132">
     <span class='ocr_line' id='line_1_31' title="bbox 1639 2097 1772 2132; baseline 0.008 -2"><span class='ocrx_word' id='word_1_215' title='bbox 1639 2097 1772 2132; x_wconf 88' lang='lat' dir='ltr'>tamen</span> 
     </span>
    </p>
   </div>
  </div>
 </body>
</html>
