1941 2674
404 63 694 119 ORIGINES
725 68 809 119 RV
808 70 1026 120 SSIC'AE.
1267 68 1359 127 463

78 181 162 236 ’σ”ιδε
197 192 224 247 3³9
259 185 473 244 Ἡρόδοτος
509 189 653 244 ἶςοςῶν
684 193 712 247 ᾖ,
746 186 858 241 οἷυἹδς
894 185 971 245 Sem
1003 187 1206 248 Ταυᾶικά,
1249 192 1363 237 Enu-

87 256 201 306 θικά,
250 257 410 310 Scythae
429 287 439 306 ‚
478 261 544 311 qui
574 258 675 314 isthic
707 259 827 300 colunt
857 256 1140 312 Taurqscythae
1173 263 1361 315 dicuntur,

82 337 108 365 a
143 321 260 364 'lauro
292 331 407 364 monte
427 353 437 370 ,
471 326 534 377 qui
564 323 665 379 isthic
695 325 740 380 est
760 356 770 374 ,
809 338 914 380 quem
943 326 1056 365 etiam
1086 336 1247 379 cognouit
1279 330 1321 370 H
1325 341 1364 368 e-

81 391 252 439 rodotus,
286 384 469 443 recensens
501 398 538 431 et
570 386 643 445 ipse
674 398 813 433 montes
842 391 1029 432 Tauricos
1047 393 1127 447 flue
1157 393 1359 444 quthicos.

81 456 182 496 Vide
215 467 389 509 quantum
423 456 590 498 Graecia
625 458 783 497 mendax
822 469 912 496 aua
937 458 993 512 sit
1033 458 1070 496 in
1102 456 1358 514 Geographia.

80 521 296 563 Herodotus
321 535 406 562 cum
434 522 539 576 saepe
571 532 678 576 atque
711 523 873 563 multum
907 523 1128 574 tradidisset,
1163 524 1362 580 Scythiam

79 601 240 629 omnem
275 588 525 640 campestrem
558 587 650 637 esse,
686 588 845 628 ostendit
880 590 996 628 etiam
1031 588 1176 642 longius
1208 606 1228 632 a
1261 594 1365 634 Vol-⁴

77 665 125 706 ga
159 654 298 694 samam
329 655 517 693 montium
552 652 908 706 septemtrionalium
934 658 1138 695 remoueri.
1202 656 1362 699 Montes

77 720 169 760 dicit
203 731 320 773 prope
348 717 530 758 Siberiam
564 719 668 758 nullo
700 721 881 769 nomine,
915 731 1006 771 quos
1033 720 1227 773 Riphaeos
1257 725 1362 776 post-

77 800 121 828 ea
156 785 387 840 appellarunt
419 780 579 833 Graeci,
618 796 715 823 nunc
747 784 875 823 dicunt
907 783 1155 836 Vergaturios.
1224 788 1363 830 Nihilo

75 853 198 895 minus
228 849 398 888 Taurum
435 858 610 888 montem
643 847 740 902 quasi
772 847 974 888 Herodoto
1013 850 1163 891 austore
1194 854 1232 892 in
1265 853 1364 906 Scy-

75 916 198 958 thiam
228 915 503 956 transtulerunt:
539 923 583 953 vt
610 913 670 952 ille
698 912 896 962 Dionyfius
921 913 1126 963 Eustathii‚
1158 919 1218 970 qui
1245 917 1362 959 Cim-

75 984 216 1023 merios
242 982 339 1020 canit
365 975 440 1021 ὑπὸ
470 976 648 1034 ψυχρῷ
675 974 771 1018 ποδὶ
792 975 952 1030 Tange.
1005 981 1080 1020 Vbi
1105 981 1169 1021 ille
1194 996 1299 1024 error
1320 986 1359 1025 in

74 1048 144 1091 situ
170 1045 410 1100 deprehensus
436 1044 510 1092 est,
539 1045 601 1084 alii
628 1044 797 1084 Taurum
829 1044 937 1084 illum
965 1043 1065 1086 suum
1093 1046 1192 1088 nulla
1220 1061 1356 1103 opera,

73 1114 150 1157 fine
188 1111 368 1152 machinis
402 1121 438 1150 et
474 1110 703 1150 ferramentis
743 1120 980 1150 remouerunt
1015 1115 1134 1152 verius
1173 1114 1327 1156 boream
1346 1148 1357 1168 ‚

73 1191 186 1234 vsque
218 1179 264 1218 ad
296 1177 414 1217 fontes
445 1173 715 1227 Borysthenis:
767 1186 853 1214 nam
887 1175 991 1216 isthic
1024 1175 1200 1220 Claudius
1230 1181 1356 1223 Ptole·

72 1257 200 1288 maeus
232 1242 411 1283 Alanicos
444 1250 591 1280 montes
623 1240 728 1279 nobis
762 1241 897 1292 pinxit.
972 1242 1106 1296 Neque
1139 1242 1357 1299 Carpathici

74 1317 226 1350 montes
256 1316 402 1346 caruere
435 1304 533 1344 sama
562 1312 599 1343 et
626 1303 781 1343 nomine
807 1303 943 1345 Tauri:
977 1318 1018 1345 ac
1050 1318 1096 1344 ne
1122 1307 1242 1361 Alpes
1272 1311 1356 1363 qui.

73 1372 185 1421 dem,
220 1369 320 1422 quod
346 1368 418 1408 illis
443 1368 482 1406 in
510 1366 700 1406 montibus
723 1365 898 1417 Polybius
924 1366 1128 1421 Tangivgg
1154 1370 1211 1411 ieu
1238 1374 1350 1414 Ταυ-

74 1434 243 1488 ρίσκες,
277 1432 326 1471 ita
358 1429 506 1471 diuersis
536 1430 626 1470 locis
656 1437 766 1469 vocat
796 1431 879 1479 (a),
916 1432 1127 1472 collocauit.
1228 1435 1372 1491 QuareJ

72 1496 333 1538 Constantinus
366 1492 551 1534 Manasses
583 1493 637 1541 (h)
670 1492 833 1532 multum
873 1494 939 1534 sese
978 1495 1091 1535 iactat
1130 1496 1169 1536 in
1201 1498 1356 1540 Tauro-

70 1560 208 1612 scythis
228 1589 240 1609 ‚
293 1557 353 1610 qui
386 1556 564 1596 Heraclio
600 1555 705 1609 Imp.
744 1553 1094 1610 Constantinopolin
1125 1572 1211 1601 cum
1243 1554 1373 1604 clafle'

72 1622 152 1666 τῶν
181 1616 405 1677 μονοξύλων
433 1618 651 1659 obsederint.
720 1619 775 1658 At
794 1619 1045 1673 Theophanes
1070 1620 1270 1673 Byzantius
1294 1627 1352 1678 (c)

72 1701 141 1728 nos
174 1687 319 1732 docet,
375 1685 520 1723 Anares
551 1681 651 1721 fuisse
671 1711 682 1730 ‚
731 1691 769 1721 et
800 1681 958 1723 secundo
991 1683 1170 1726 Danubio
1201 1688 1371 1741 clamem

69 1751 174 1792 illam
209 1748 408 1789 deuectam
442 1745 576 1785 veniffe
606 1754 734 1785 contra
767 1742 1006 1795 Byzantium.
1103 1748 1228 1790 Habes
1259 1752 1352 1794 Ma..

68 1813 175 1854 nanis
205 1812 374 1851 Taurum
412 1809 449 1847 in
485 1807 717 1861 Carpathicis
747 1809 946 1848 montibus.
1043 1809 1094 1850 Hi
1126 1814 1187 1865 qui
1219 1815 1352 1858 Ruffos

67 1888 211 1931 quoque
237 1871 505 1922 Tauroscythas
529 1872 679 1918 dixere,
713 1883 759 1909 ne
794 1872 1027 1912 venun-alum
1061 1887 1200 1915 nomen
1234 1879 1350 1920 inter-

69 1948 280 1983 moreretur
301 1966 311 1985 ,
361 1947 446 1974 cum
480 1943 605 1974 natura
648 1944 797 1973 montes
826 1935 872 1974 ad
906 1934 1184 1987 Borysthenem
1219 1944 1350 1984 extulit

644 1996 681 2037 E
699 2009 720 2035 e
738 2009 760 2036 e
795 2010 820 2036 2
1205 2005 1324 2060 nullos
1335 2037 1349 2059 ‚

206 2092 262 2129 (ο)
285 2100 314 2129 r>-
330 2100 393 2130 294-
417 2099 486 2127 144·
506 2089 571 2118 1⁶¹·
650 2087 704 2126 (δ)
723 2095 753 2126 1>-
768 2089 819 2125 76-
837 2097 885 2127 77·
953 2088 1018 2128 (e)
1039 2091 1157 2128 12264·
