1941 2674
107 87 183 128 AD
215 85 378 128 GEOM
386 86 519 128 ΕΤΕΙ
525 87 617 128 AM
653 85 706 128 SI
709 86 765 130 TI
770 86 820 128 'S
854 85 1026 128 PERTI
1029 86 1149 129 NEN
1154 86 1214 128 TI
1216 87 1245 128 S
1252 117 1260 127 .
1279 98 1295 125 ι
1308 100 1330 137 3
1340 97 1361 135 ς

78 215 258 242 numerus
277 203 407 254 ducit,
441 205 527 257 capi
547 202 674 244 debet.
738 201 809 245 Sin
827 213 958 245 autem
981 215 1165 244 numerus
1184 203 1367 243 omnium

79 267 227 306 vicium
262 265 374 306 fuerit
407 268 555 307 vnit-ate
595 268 753 318 minor,
795 280 913 320 quam
961 268 1142 320 pontium
1185 278 1368 306 numerus

79 331 226 369 vuitate
260 328 416 379 anetus,
450 339 533 370 tum
569 330 740 371 transitus
771 330 943 370 succedet
977 330 1201 383 incipiendo
1235 341 1288 369 ex
1306 342 1370 369 re-

79 393 224 444 gione,
261 393 301 431 iu
337 405 452 445 quam
485 406 552 446 par
584 395 765 447 pontium
802 406 985 433 numerus
1017 393 1142 445 ducit,
1177 393 1266 446 quia
1293 391 1372 432 hoc

81 456 204 496 modo
238 456 382 495 vicium
416 469 598 497 numerus
634 458 780 497 vnit-ate
816 457 868 496 est
906 457 1110 508 augendus.

197 553 230 600 ξ.
275 564 343 600 14.
380 551 574 604 Proposita
594 561 688 601 ergo
716 560 936 601 quacunque
963 555 1083 600 aquae
1111 548 1371 602 pontiumque

80 611 225 665 figura,
263 615 309 654 ad
348 613 671 665 inuestigandum,
709 623 802 650 num
834 612 918 664 quis
954 623 1023 664 per
1060 609 1227 663 fingulos
1253 610 1370 652 semel

82 677 239 716 transire
278 687 413 729 queat,
459 674 624 728 sequenti
680 674 807 713 modo
869 674 1142 726 operationem
1195 673 1368 714 instituo.

82 738 219 778 Primo
254 739 412 791 singulas
458 739 639 790 regiones
681 749 773 790 aqua
819 748 841 776 a
886 737 923 775 le
965 736 1133 777 inuicem
1181 737 1370 777 diremtas

79 801 218 842 littei-is
255 801 317 851 A,
340 799 396 850 B,
418 798 452 840 C
473 811 546 840 etc.
586 799 758 852 designo.
826 797 1010 839 Secundo
1048 798 1159 840 sumo
1185 801 1369 841 omnium

79 866 260 917 pontium
292 875 527 915 numerum,
563 874 732 916 eumque
771 863 920 902 vnit-„ite
956 874 1106 915 augeo,
1154 872 1268 917 atque
1310 862 1372 904 se-

79 928 206 979 quenti
225 926 444 979 operationi
466 924 651 979 praefigo.
716 926 860 965 Tertio
879 925 1032 979 lingulis
1053 925 1191 966 litteris
1208 927 1263 978 A,
1277 924 1370 979 B‚C

79 998 152 1028 etc.
194 989 259 1030 fibi
297 988 534 1042 subscripti5‚
569 989 729 1030 cuilibet
755 987 927 1029 adscribo
948 1000 1155 1029 numerum
1183 990 1370 1043 pontium

76 1052 124 1091 ad
157 1064 245 1093 eam
291 1054 496 1105 regionem
541 1053 824 1093 deducentium.
890 1052 1044 1108 Quarto
1089 1064 1153 1092 eas
1188 1053 1370 1106 litteras,

75 1127 172 1168 quae
210 1128 319 1168 pares
365 1114 575 1169 adscriptos
613 1115 756 1156 habent
792 1127 975 1156 numeros
1019 1114 1127 1167 signo
1170 1115 1365 1156 asterisco,

76 1179 227 1234 Quinto
258 1179 493 1231 singulorum
533 1178 674 1219 horum
712 1190 964 1219 numerorum
1003 1177 1154 1230 parium
1206 1179 1369 1220 dimidia

76 1242 238 1294 adiicio,
276 1242 486 1294 imparium
524 1254 620 1282 vero
659 1241 804 1282 vnitate
839 1241 1042 1281 auctorum
1079 1240 1241 1282 dimidia
1281 1242 1372 1296 ipsis

77 1304 267 1344 adscribo.
330 1304 453 1345 Sexto
491 1304 564 1344 hos
599 1316 786 1345 numeros
823 1305 970 1344 vltimo
1006 1303 1167 1356 scriptos
1186 1305 1225 1345 in
1247 1318 1368 1346 vnam

77 1365 271 1407 summam
314 1367 508 1418 conficio,
542 1379 639 1420 quae
680 1366 857 1418 summa,
892 1366 919 1407 si
956 1366 1021 1406 vel
1061 1367 1207 1408 vnitate
1235 1369 1371 1409 minor

78 1427 195 1469 fuerit
230 1429 295 1469 vel
328 1429 497 1483 aequalis
527 1441 693 1469 numero
726 1428 833 1483 supra
865 1428 1071 1482 praefixo,
1103 1431 1167 1483 qui
1202 1430 1257 1471 est
1294 1444 1370 1471 nu-

79 1504 210 1533 merus
249 1493 428 1545 pontium
467 1493 615 1532 vnitate
649 1492 806 1543 auctus,
843 1501 927 1533 tum
961 1492 1152 1532 concludo
1172 1492 1368 1535 transitum

79 1555 333 1596 desideratum
372 1553 502 1609 perfici
539 1554 678 1608 posset.
748 1553 837 1595 Hoc
895 1567 990 1595 vero
1032 1555 1085 1595 est
1130 1559 1367 1611 tenendum,

79 1617 108 1660 fi
144 1616 293 1658 summa
328 1619 483 1659 inuenta
520 1616 635 1658 fuerit
671 1618 819 1658 vnit-ate
846 1618 1006 1670 minor,
1040 1631 1156 1672 quam
1186 1631 1369 1662 numerus

79 1680 190 1734 supra
207 1680 368 1736 politus,
402 1690 486 1720 tum
506 1681 660 1721 initium
690 1681 971 1722 ambulationis
1004 1694 1056 1722 ex
1083 1682 1244 1735 regione
1271 1685 1370 1725 aste-

79 1744 211 1785 ristico
241 1753 373 1785 notata
410 1743 496 1784 fieri
530 1743 695 1797 debere,
733 1753 869 1785 contra
902 1756 1000 1784 vero
1035 1756 1087 1785 ex
1106 1746 1268 1798 regione
1287 1760 1366 1788 non

79 1806 226 1861 fignata
270 1807 298 1849 ss
341 1807 490 1848 summa
533 1804 649 1848 fuerit
691 1807 859 1860 aequalis
902 1819 1067 1848 numero
1120 1807 1367 1864 praescripto.

79 1867 142 1912 Ita
167 1882 264 1923 ergo
297 1883 369 1924 pro
405 1868 488 1912 casu
524 1870 849 1926 Regiomontano
881 1871 1155 1927 operationem
1184 1872 1369 1927 instituo,

79 1941 127 1974 vt
163 1932 349 1989 sequitur:

1209 2094 1369 2138 Nume-
