1941 2674
371 1428 470 1466 Figura
502 1437 527 1457 1.

557 56 621 98 88
845 59 990 102 SOLV
992 53 1053 101 TI
1055 59 1092 101 O
1125 53 1395 100 'PROBLEM
1399 53 1525 99 ATV
1529 54 1584 97 M

681 175 713 223 ξ,
755 184 795 223 5.
830 175 924 232 Quo
957 175 1074 228 igitur
1108 176 1216 216 huius
1251 174 1433 216 methodi
1465 174 1524 213 vis
1544 172 1745 213 ctvtilitas
1763 186 1852 215 rne-

565 236 638 277 lius
670 238 929 291 percipiatur,
964 238 1036 278 hac
1069 237 1331 278 differ-tatione
1364 249 1451 276 eam
1494 238 1541 277 ad
1584 236 1754 275 infinitas
1792 236 1852 275 ela

562 300 674 352 lipscs
708 301 1043 351 accommodabo,
1076 310 1188 354 atque
1222 299 1441 341 nonsolum
1471 299 1716 349 monstrabo,
1749 309 1854 352 quo-

558 363 682 401 modo
718 363 765 401 ab
801 362 960 402 infinitis
992 363 1184 416 ellipslbus
1217 376 1323 402 arcus
1356 362 1529 415 aequales
1571 362 1737 402 abscindi
1777 362 1849 400 de-

562 424 700 475 beant,
736 425 797 464 sed
831 426 951 465 etiam
983 426 1322 467 innumerabilium
1358 434 1438 465 tam
1480 425 1599 478 primi
1632 437 1749 477 quam
1791 423 1849 463 se-

559 488 671 528 cundi
703 488 836 540 gradus
879 490 1154 541 aequationum
1203 488 1517 529 differentialium
1567 486 1846 528 resolutionem

560 562 637 603 ope
666 550 959 590 *restificationis
1005 551 1193 604 ellipsium
1232 549 1419 605 perficere
1451 551 1616 590 docebo.

673 647 703 694 ξ.
746 650 788 684 6.
826 646 942 701 Quod
976 648 1081 686 enim
1115 647 1159 686 ad
1193 658 1375 696 curuam,
1409 659 1505 699 quae
1538 644 1584 683 ab
1613 643 1770 683 infinitis
1788 643 1847 683 el·-

558 707 715 760 lipsibus
747 721 852 748 arcus
870 710 1042 761 aequales
1061 709 1277 759 abscindat,
1310 710 1470 759 attinet,
1500 709 1580 748 eius
1608 707 1847 746 constructio

557 782 606 809 eo
640 769 723 823 ipso
759 771 811 810 est
844 769 983 822 facilis,
1034 773 1138 825 quod
1182 784 1259 823 ope
1299 771 1588 811 rectificationis
1640 778 1846 809 curuarum

556 843 652 885 quae
693 833 875 873 facillime
921 834 1078 875 describi
1123 831 1297 887 poffunt,
1342 833 1479 887 perfici
1522 841 1646 886 queat.
1714 833 1846 885 Atque

555 895 655 934 hanc
692 895 811 947 iplam
847 897 1167 936 construtstionem
1201 895 1318 948 longe
1350 896 1637 936 anteferendam
1657 892 1732 934 effe
1750 907 1845 934 cen-

553 957 614 996 seo
648 957 732 996 aliis
764 970 833 1009 per
864 960 1106 1010 quadraturas
1148 971 1353 998 cumarum
1386 959 1551 1011 peractis
1590 956 1845 997 construetio—

553 1019 671 1059 nibus.
741 1019 840 1060 Non
873 1021 988 1072 igitur
1015 1031 1097 1061 tam
1129 1021 1229 1061 illius
1262 1034 1399 1061 curuae
1427 1019 1660 1060 construc‘tio
1679 1019 1845 1072 requiri--

554 1088 639 1133 tur,
671 1095 786 1135 quam
807 1084 885 1122 eius
916 1085 1116 1137 aequatiO,
1149 1096 1226 1136 quo
1260 1085 1385 1137 quales
1404 1084 1650 1137 aequationes
1675 1091 1755 1123 tarn
1784 1082 1845 1121 fit-

555 1144 628 1183 cile
661 1144 825 1184 construi
861 1156 1001 1199 queant
1033 1146 1297 1198 cognoscatur,
1362 1146 1469 1186 Hanc
1490 1146 1542 1185 ob
1562 1158 1646 1184 rem
1680 1145 1843 1195 analyfis

554 1219 636 1247 non
670 1219 806 1259 parum
839 1210 1036 1260 augmenti
1068 1209 1254 1261 accipiet,
1288 1210 1315 1250 ss
1350 1210 1436 1249 illae
1469 1208 1712 1261 aequationcs
1744 1219 1842 1260 pro—

554 1269 745 1320 ferantur,
781 1282 875 1322 quae
909 1284 985 1325 ope
1019 1271 1308 1312 restificationis
1350 1272 1541 1326 ellipfium
1583 1270 1841 1310 construetio-

553 1343 643 1373 nem
677 1333 903 1374 admittunt.

665 1431 698 1478 ξ.
732 1438 774 1477 7.
833 1427 1048 1470 Confidero
1083 1429 1199 1481 igitur
1238 1429 1421 1483 ‘primum
1472 1429 1640 1470 infinitas
1688 1428 1838 1482 ellipse&

549 1490 588 1530 A
601 1489 768 1541 MDB,
801 1504 897 1543 quae
933 1504 1072 1531 omnes
1091 1492 1256 1531 alterum
1284 1504 1399 1532 axem
1417 1523 1427 1542 ,
1460 1494 1564 1532 cuius
1593 1491 1746 1531 semiffis
1776 1491 1837 1531 ¹'est

549 1551 659 1604 CD,
695 1553 861 1593 habeant
894 1554 1084 1604 eundem,
1118 1566 1209 1593 axes
1241 1567 1337 1593 vero
1379 1555 1608 1595 transuersos
1648 1552 1732 1594 AB
1773 1554 1837 1594 di-

547 1615 687 1655 uersos.
752 1614 794 1655 Si
828 1628 927 1655 nunc
960 1616 1025 1656 vel
1057 1616 1103 1655 ab
1136 1616 1195 1656 his
1229 1617 1410 1656 omnibus
1430 1617 1619 1670 ellipsibus
1635 1617 1701 1656 vel
1727 1629 1837 1657 arcus

549 1679 721 1730 aequales
760 1678 834 1718 fint
867 1677 1136 1730 abscindendi,
1172 1679 1237 1719 vel
1269 1681 1308 1720 in
1341 1680 1428 1720 data
1461 1681 1612 1719 ratione
1651 1680 1834 1733 inaequa⁴

547 1740 626 1791 les,
658 1740 723 1780 vel
755 1752 869 1780 curua
902 1740 949 1780 fit
979 1741 1232 1792 inuenienda,
1266 1742 1369 1782 cuius
1401 1743 1633 1783 constructio
1666 1755 1742 1796 ope
1761 1742 1834 1783 has-

547 1814 636 1843 rum
655 1802 842 1856 ellipfium
861 1804 1212 1857 quomodocunque
1236 1804 1498 1857 praescribitur
1516 1819 1526 1858 3
1561 1807 1607 1846 ad
1628 1805 1716 1845 talia
1738 1818 1834 1858 pro-

548 1863 719 1906 blemata
751 1866 886 1906 omnia
919 1865 1098 1907 soluenda
1129 1879 1228 1920 opus
1260 1867 1335 1914 est,
1380 1877 1424 1908 vt
1465 1870 1643 1922 aequatio
1689 1868 1833 1908 habea-

549 1934 610 1968 tur
643 1928 745 1968 inter
777 1941 909 1969 arcum
946 1928 1066 1980 AM,
1100 1930 1296 1970 abscissam
1329 1930 1409 1971 ΑΡ
1440 1941 1479 1970 et
1511 1944 1627 1971 axem
1648 1930 1757 1982 AB,
1792 1931 1831 1970 in

547 2002 621 2045 qua
652 1990 724 2034 hae
755 1999 832 2032 tres
863 1992 1093 2046 quantitates
1124 1993 1235 2034 insmt
1269 2002 1451 2047 tanquam
1485 1994 1699 2036 variabiles.

1713 2057 1745 2106 §-
1785 2059 1823 2095 s,
