1941 2674
456 121 722 167 NONDVM
756 118 1111 165 DESCRIPTIS.
1340 133 1421 162 121

131 240 198 281 fati
220 240 381 291 cylindri
405 242 573 295 nullique
603 242 672 282 sint
690 240 916 281 diuersitatis
936 239 1101 279 limites:
1139 236 1293 292 possunt
1321 239 1430 278 enim

133 317 186 344 cx
224 303 307 343 val'e
343 304 458 355 pleno
492 317 615 357 eoque
649 305 892 357 quantumuis
935 303 1015 341 alto
1057 315 1174 354 aquae
1223 303 1432 341 velocitate

135 379 316 406 eman-„ire
352 369 540 417 minima,
577 368 602 407 si
637 380 705 420 pei·
739 367 965 406 strietiorem
1012 377 1050 404 et
1097 366 1320 417 longiorem
1363 377 1432 404 ca-

133 432 264 469 nalem
299 427 473 468 effluant:
508 431 590 482 quis
622 440 751 469 autem
787 440 873 467 tune
908 429 1010 467 dicat
1038 428 1120 467 vim
1141 441 1325 479 aquarum
1345 428 1430 466 eie-

135 493 285 532 ‹starum
320 493 510 531 altitudini
547 492 773 544 respondere
810 490 917 529 fluidi
949 490 1102 529 interni.
1173 489 1335 529 Interim
1357 501 1431 540 ey·-

134 554 249 595 lindi-i
284 555 392 606 aquei
426 567 590 606 quorum
626 554 867 592 mentionem
898 551 1019 590 modo
1048 550 1230 600 fecimus,
1265 565 1342 591 uon
1363 565 1428 592 ra-

134 630 181 657 ro
214 615 394 656 differunt
425 618 464 655 in
506 618 655 656 ratione
693 625 842 667 praeter
881 623 1045 665 propter
1089 611 1291 666 subdupla,
1346 626 1426 666 quo

133 680 276 720 factum
311 679 389 728 est,
423 688 466 717 vt
499 692 578 718 vno
621 689 750 716 errore
793 677 957 716 alterum
1004 674 1081 715 fere
1125 674 1424 729 compensante,

133 741 332 783 fiilsitateni
365 740 561 792 opinionis
593 740 640 779 ab
676 740 857 779 omuibus
894 752 914 777 a
958 748 1037 778 tarn
1072 738 1195 791 longo
1240 749 1424 794 tempore

132 815 329 858 receptae,
364 814 484 842 nemo
517 803 673 856 quidem
708 801 910 856 suspicatus
940 801 1062 841 fuerit.

246 900 279 947 §.
318 909 387 936 10.
424 895 470 936 In
508 896 578 936 hac
615 898 741 938 nostra
774 897 1035 948 disquisitione
1081 909 1162 936 non
1202 896 1259 936 vfi
1297 896 1424 937 sumus

131 961 204 1003 alia
238 960 444 1013 hypothesi
481 959 656 1012 physica,
689 973 803 1014 quani
838 961 937 1012 quod
958 960 1164 1012 particulae
1184 972 1326 1012 aqueae
1345 960 1424 999 sin-

127 1025 239 1078 gulae
275 1023 536 1063 directionem
570 1034 722 1064 mutent
754 1024 800 1063 ad
836 1023 1015 1075 angulum
1051 1035 1169 1076 vsque
1202 1022 1346 1062 rectum
1376 1021 1424 1062 ab

72 1115 82 1123 ·
129 1087 293 1128 illisione
328 1087 366 1126 in
402 1086 577 1138 planum:
616 1087 759 1140 reliqua
792 1086 925 1126 omnia
947 1085 1128 1125 siinttam
1150 1095 1267 1135 certa,
1303 1097 1420 1138 quam

131 1150 355 1191 mechanica
376 1149 582 1203 purissima.
619 1150 792 1190 All—„itam
826 1160 922 1188 vero
958 1148 1188 1200 hypothesin
1222 1147 1420 1200 physicam

130 1223 170 1253 et
202 1213 442 1265 experientia
494 1213 610 1252 docet
658 1223 697 1252 et
748 1221 880 1252 mente
930 1211 1039 1251 facile
1094 1211 1146 1250 est
1194 1211 1420 1263 concipere.

130 1273 341 1316 Caeterum
376 1276 589 1314 commode
625 1275 685 1314 hic
719 1275 881 1323 accidit,
915 1274 1014 1325 quod
1050 1274 1220 1326 expresse
1250 1285 1423 1312 monen-

131 1338 222 1378 dum
256 1338 459 1387 existimo,
496 1335 680 1389 vsumque
701 1337 953 1376 theorematis
973 1336 1002 1384 ξ.
1027 1346 1092 1384 15.
1116 1335 1217 1376 Part.
1239 1336 1270 1375 Ι.
1303 1335 1418 1376 valde

131 1413 205 1454 pro
239 1399 316 1439 hoc
357 1400 519 1450 negotio
562 1400 842 1450 commendam
894 1411 1133 1452 quascunque
1184 1411 1328 1452 nempe
1377 1399 1420 1439 in

132 1462 320 1517 praesenti
353 1462 435 1502 casu
464 1461 632 1502 *finxeris
664 1462 883 1502 velocitatis
929 1463 1160 1501 variationes
1205 1463 1258 1514 in.
1295 1461 1420 1514 parti-

132 1526 223 1567 culis
254 1526 408 1578 aqueas,
441 1525 532 1564 dum
567 1524 615 1564 ab
648 1527 685 1564 A
718 1537 834 1578 vsque
866 1523 913 1564 ad
946 1523 988 1564 D
1022 1525 1274 1577 perueniunt,
1316 1524 1420 1564 sem-

130 1602 202 1642 per
242 1598 372 1628 tamen
412 1589 578 1628 eundem
620 1589 696 1628 effe
737 1587 926 1627 calculum
969 1587 1206 1640 eandemque
1257 1589 1418 1640 prodire

134 1652 218 1692 vim
254 1663 372 1690 ven-„ie
404 1663 569 1703 aqueae3
604 1651 707 1702 quod
740 1651 808 1690 nifi
842 1659 893 1689 ita
926 1649 1045 1699 effer,
1087 1651 1146 1690 vis
1180 1650 1244 1690 ista
1286 1651 1417 1690 deter-

135 1715 276 1754 minari
305 1726 382 1752 nori
417 1711 550 1766 posset.
602 1713 788 1769 Quamuis
822 1713 928 1751 enim
964 1714 1002 1751 in
1037 1712 1190 1752 theoria
1225 1713 1416 1753 velocita-

131 1787 188 1817 tes
222 1777 491 1829 particularum
527 1777 565 1815 iii
599 1777 638 1816 A
671 1787 709 1815 et
741 1775 783 1816 D
813 1775 988 1827 aequales
1019 1774 1161 1814 censeri
1194 1775 1334 1828 poffiut
1363 1786 1415 1815 ex

130 1851 194 1880 con
211 1842 392 1881 eruatione
423 1841 558 1880 virium
590 1841 785 1890 vittarum,
816 1839 1059 1878 dubitandum
1095 1848 1226 1878 tamen
1265 1851 1343 1878 non
1362 1838 1415 1878 est

131 1906 222 1956 quin
263 1901 348 1941 iustu
388 1903 437 1941 ali
455 1914 554 1953 ¹fluam
611 1903 800 1953 patiantur
841 1901 1062 1941 velocitatis
1106 1902 1413 1941 diminutionem

131 1966 339 2019 particulae
374 1977 513 2017 aqueae
546 1965 640 2005 dun
671 1966 774 2005 avia
801 1965 983 2003 continue
1003 1963 1277 2004 deflectuntur:
1312 1964 1413 2004 Hinc

129 2027 213 2068 fieri
255 2029 465 2081 existimo,
508 2037 552 2069 vt
591 2029 690 2069 vires
732 2039 920 2068 venarum
961 2026 1118 2082 oblique
1158 2027 1412 2068 incidentium

131 2087 243 2133 Tom.
279 2090 409 2132 VIII.
782 2089 833 2147 Q
1343 2100 1413 2128 ac-
