1941 2674
449 88 702 134 NONDVM
740 88 1088 132 DESCRIPTIS.
1350 102 1366 128 1
1381 102 1397 127 1
1407 102 1431 140 3

544 204 1021 249 DISSERTATIONIS

280 345 662 405 LEGIBVS
733 283 1318 403 Iv'iEECHANICIS

474 441 730 483 NONDVM
768 440 1104 481 DESCRIPTIS

572 522 707 566 PARS
751 523 984 564 ALTERA
999 552 1010 574 ‚

216 609 253 647 in
287 617 358 661 qua
395 604 530 656 Legum
567 605 715 659 {starum
751 605 788 643 in
818 604 946 656 prima
985 609 1100 657 parte
1132 603 1375 658 expcfitarum

454 687 480 713 tv
494 686 535 715 us
570 674 903 727 hyclrodylmrnictts
923 674 1125 729 ostendlttm

735 811 770 860 ξ.
810 822 849 849 1.

143 884 406 1057 PRima,
440 924 536 967 quae
572 912 706 964 sciam,
741 914 1010 967 experimenta
1044 927 1116 967 pro
1137 914 1433 956 determinanda

292 977 332 1016 vi
369 989 492 1016 venae
527 988 667 1029 aqueae
710 976 749 1014 in
794 977 953 1030 planum
996 979 1225 1018 incurrentis
1265 979 1434 1018 instituta

291 1039 442 1079 fuerunt
476 1038 539 1078 sub
576 1038 747 1091 auspiciis
788 1040 1022 1080 Academiae
1063 1039 1262 1082 Scientiar.
1316 1040 1430 1081 Paris.

143 1104 195 1144 A.
227 1106 366 1153 1679,
399 1114 518 1154 eaque
551 1102 684 1141 videre
716 1102 768 1142 est
808 1103 849 1141 in
889 1102 1046 1142 historia
1088 1104 1277 1155 praefatae
1325 1104 1433 1143 Aca-

142 1167 295 1207 demiae
327 1179 348 1206 a
383 1167 438 1206 D.
468 1165 532 1204 Du
551 1163 694 1204 Hamel
719 1163 930 1218 conscripta
972 1165 1070 1205 Sea.
1105 1165 1192 1206 ΙΙΙ.
1237 1165 1338 1218 Cap.
1369 1165 1424 1205 V.

141 1230 231 1269 Post
263 1228 357 1268 haec
389 1228 508 1268 secuta
540 1226 621 1266 sunt
652 1227 854 1267 innumera
887 1227 981 1267 alia:
1015 1227 1137 1268 sumta
1180 1238 1312 1268 autem
1346 1227 1431 1267 fue-

144 1302 230 1331 runt
261 1304 351 1330 cum
384 1291 489 1343 aquis
520 1301 572 1328 cx
603 1289 780 1339 cylindro
815 1289 1052 1342 ampliffimo
1083 1304 1152 1344 per
1184 1290 1318 1331 lumen
1337 1287 1430 1330 vni-

143 1353 323 1393 formiter
374 1352 639 1403 effluentibus3
683 1361 723 1390 et
768 1353 944 1404 quamuis
995 1351 1173 1394 successus
1228 1366 1428 1407 nunquam

143 1425 446 1470 praeconceptae
477 1414 697 1454 Annorum
732 1415 838 1454 ideae
870 1427 921 1454 ex
955 1416 1027 1456 affe
1055 1416 1318 1470 responderit,
1353 1417 1429 1456 sta-

143 1488 297 1518 tuerunt
329 1487 461 1517 tamen
496 1489 659 1528 omnes,
693 1477 776 1516 vim
809 1489 933 1518 venae
973 1491 995 1518 a
1036 1479 1153 1531 plano
1195 1491 1294 1519 mox
1336 1491 1429 1532 prae

142 1541 334 1581 foramine
365 1548 551 1593 exceptae
584 1539 784 1592 aequalem
815 1540 893 1580 effe
920 1542 1082 1594 ponderi
1109 1541 1279 1593 cylindri
1317 1540 1428 1594 aquei

142 1604 250 1657 supra
287 1603 462 1643 foramen
501 1603 549 1642 ad
587 1601 829 1642 altitudinem
868 1616 988 1656 aquae
1028 1604 1222 1645 exstructi.
1274 1604 1427 1644 Veram

144 1667 243 1707 hanc
275 1663 349 1705 esse
384 1676 539 1705 naturae
580 1664 709 1717 legem
756 1676 874 1718 vsque
918 1667 1016 1706 adeo
1058 1680 1139 1707 non
1181 1667 1425 1718 dubitarunt,

143 1739 187 1770 vt
217 1728 394 1782 quicquid
428 1728 695 1781 experimenta
728 1727 1096 1781 superabundarent,
1130 1730 1169 1770 id
1200 1742 1322 1771 omne
1349 1731 1423 1771 cir-

142 1791 381 1832 cumstantiis
409 1791 620 1831 tribuerent
651 1790 786 1830 alienis
816 1803 888 1831 nec
921 1792 960 1831 in
994 1792 1052 1831 rei
1096 1803 1228 1833 natura
1269 1793 1428 1846 pofitis,

143 1866 223 1894 non
258 1854 340 1893 stitis
374 1854 548 1906 profesto
569 1853 872 1907 perpendentes,
906 1854 1028 1895 minui
1048 1856 1136 1896 inde
1157 1856 1287 1910 potius
1306 1868 1424 1909 quam

143 1918 276 1970 augeri
308 1917 392 1957 vim
426 1928 556 1971 aquae.

142 2048 237 2092 Ίῖηη.
270 2049 401 2093 VIII.
776 2052 807 2093 P
1305 2056 1338 2104 §.
1381 2067 1423 2096 2.
