1941 2674
397 1816 498 1855 Figura
519 1824 548 1856 ς.

590 128 646 176 38
703 122 783 165 DE
818 122 1339 170 OSCILLATIONIBVS
1371 121 1494 165 FILI
1526 119 1805 164 FLEXILIS

585 239 668 281 sunt
698 242 935 295 corpuscula.
1003 243 1069 284 Ex
1102 242 1237 296 quibus
1268 239 1559 295 aequationibus
1589 238 1677 278 situs
1708 250 1869 292 corpus-

584 305 761 344 culorum
792 306 1137 358 determinabitur,
1170 306 1235 360 qui
1265 318 1338 360 pro
1369 315 1534 343 numero
1565 313 1703 341 eorum
1741 303 1869 342 varia-

582 367 617 407 ri
646 367 806 420 poterit.
1736 367 1747 377 ’

702 457 737 505 §-
777 473 845 511 13.
879 462 1108 516 Longitudo
1139 462 1295 516 penduli
1334 460 1527 503 isochroni
1546 461 1585 519 s
1614 460 1764 513 semper
1800 471 1869 500 ae-

584 523 705 577 qualis
736 525 790 565 est
820 525 984 566 vltimae
1018 527 1073 566 fili
1107 527 1204 579 parti
1239 526 1276 566 E
1307 526 1337 566 F
1367 526 1413 565 ad
1452 525 1596 565 lineam
1639 523 1867 563 verticalem

582 587 658 641 Of
682 600 799 640 vsque
832 589 1067 641 productae,
1102 601 1247 642 nempe
1275 588 1401 642 metae
1433 589 1530 628 FT.
1596 588 1726 640 Atque
1745 584 1867 638 figura

584 648 761 695 OABC
793 660 867 690 etc.
900 652 940 691 in
972 651 1147 692 descensu
1178 653 1229 691 ita
1261 651 1530 692 immutabitur
1561 659 1604 690 vt
1637 648 1774 702 punsta
1811 649 1865 700 P,

583 711 859 768 Q‚R,S‚T
899 724 1081 755 maneant
1125 715 1322 754 inuariata.
1396 714 1464 755 Ex
1508 725 1586 767 quo
1638 711 1865 765 perspicitur

582 775 774 816 distantias
819 775 1022 829 Aa,Bb‚
1065 787 1138 817 etc.
1189 777 1228 816 in
1267 777 1405 817 eadem
1446 777 1597 817 ratione
1636 775 1864 815 diminitum

581 837 654 889 iri,
687 838 727 878 id
757 841 860 892 quod
892 841 1012 880 etiam
1043 852 1094 879 ex
1127 839 1203 879 hoc
1231 839 1484 892 intelligitur,
1511 839 1611 891 quod
1629 837 1701 878 hae
1721 837 1865 877 distan—

580 900 656 940 tiae
687 901 783 952 Aa,
812 901 901 953 Bb,
921 900 987 943 Cc
1004 914 1078 943 etc.
1102 902 1211 942 simul
1230 903 1394 942 debeant
1422 901 1589 954 confici;
1619 911 1726 954 atque
1755 900 1864 941 fimi-

579 961 686 1013 liter‚
735 966 823 1016 quia
864 966 965 1004 vires
1005 965 1288 1006 acceleratrices
1326 965 1387 1005 his
1423 964 1608 1005 distantiis
1648 963 1730 1004 sunt
1768 975 1864 1017 pro-

581 1026 829 1077 portionales.
899 1028 1096 1068 Praeterea
1128 1039 1177 1066 ex
1214 1027 1275 1067 his
1309 1028 1457 1079 elucet,
1494 1027 1520 1068 fi
1552 1026 1674 1079 figura
1702 1024 1758 1066 fili
1776 1025 1863 1066 fue-

580 1087 628 1127 rit
671 1087 922 1139 huiusmodi,
967 1099 1010 1130 vt
1053 1091 1192 1130 alicubi
1234 1091 1397 1130 transeat
1437 1102 1505 1143 per
1549 1090 1693 1130 lineam
1739 1088 1864 1130 verti-

582 1150 704 1190 talem
744 1162 787 1191 vt
823 1153 862 1191 in
901 1151 962 1204 C,
995 1154 1034 1192 in
1071 1153 1374 1193 oscillationibus
1399 1152 1512 1193 huius
1531 1151 1589 1192 fili
1609 1151 1795 1205 punctum
1825 1149 1860 1191 C

580 1222 768 1267 perpetuo
789 1214 828 1253 in
866 1216 1009 1255 eodem
1047 1216 1137 1256 loco
1174 1216 1251 1256 effe
1289 1215 1595 1269 permansurum.
1659 1215 1748 1255 Pars
1783 1214 1863 1266 igi-

580 1284 642 1315 tur
681 1276 837 1328 penduli
874 1275 1048 1318 CDEF
1085 1279 1186 1318 circa
1225 1279 1410 1330 punc‘tum
1453 1277 1580 1318 fixum
1625 1274 1660 1317 C
1707 1276 1863 1317 oscilla-

578 1337 703 1377 tiones
741 1340 880 1380 eodem
917 1350 1098 1393 tempore
1129 1340 1324 1392 absoluet,
1361 1353 1440 1393 quo
1476 1350 1603 1382 totum
1648 1339 1862 1393 pendulum

578 1399 920 1454 OABCDEF‚
960 1403 1074 1443 simili
1111 1404 1235 1443 modo
1272 1403 1501 1456 intelligitur
1537 1403 1654 1442 etiam
1685 1401 1791 1456 supra
1820 1403 1859 1443 O

579 1462 687 1503 filum
722 1477 813 1504 cum
849 1466 1082 1518 corpusculis
1124 1466 1342 1506 continuari
1374 1463 1482 1519 poffe
1525 1473 1708 1506 manente
1755 1477 1859 1505 tem-

575 1537 672 1578 pore
716 1525 1021 1568 oscillationum.
1084 1529 1150 1569 Ex
1192 1538 1299 1581 parte
1353 1541 1448 1581 ergo
1493 1528 1633 1568 infima
1677 1526 1735 1567 fili
1780 1527 1859 1568 EF

574 1587 786 1640 superiores
831 1600 957 1643 partes
1002 1604 1140 1631 omnes
1186 1592 1225 1630 in
1267 1590 1462 1632 infinitum
1512 1602 1625 1644 vsque
1676 1598 1861 1642 poterunt

575 1651 850 1703 determinari,
885 1664 926 1692 vt
962 1663 1085 1693 totum
1125 1653 1238 1693 filum
1270 1663 1457 1708 perpetuo
1493 1653 1534 1693 in
1569 1651 1782 1694 osculando
1812 1653 1861 1693 ad

576 1712 721 1754 lineam
756 1716 983 1755 verticalem
1017 1717 1210 1770 pcueniat.

690 1808 722 1856 ξ.
765 1821 833 1857 14.
867 1806 958 1850 Sint
990 1823 1090 1850 nunc
1123 1820 1204 1850 tam
1238 1811 1372 1851 omnia
1405 1811 1628 1864 corpuscula
1649 1822 1764 1865 quarn
1785 1822 1859 1849 eo·

573 1882 661 1910 rum
695 1870 794 1910 inter
828 1870 862 1911 se
894 1873 1093 1913 interualla
1126 1874 1318 1926 aequalia,
1361 1883 1474 1914 erunt
1508 1874 1611 1926 EF,
1631 1874 1740 1926 DE.
1766 1870 1799 1912 C
1810 1871 1854 1912 D

574 1942 647 1972 etc.
688 1945 757 1972 nec
791 1946 870 1974 non
900 1949 921 1976 e
920 1936 957 1992 f
960 1968 970 1988 ,
990 1936 1067 1987 de,
1086 1936 1142 1977 cd
1157 1945 1230 1976 etc.
1265 1937 1366 1976 inter
1386 1936 1420 1977 se
1440 1938 1623 1989 aequalia.
1689 1938 1856 1978 Ponatur

575 1995 782 2048 longitudo
813 1999 971 2050 penduli
1003 1999 1186 2052 fimpl’icis
1216 1999 1412 2040 isochroni
1455 2000 1532 2040 FT
1575 2001 1633 2041 seu
1666 1999 1855 2057 fT-zf,

575 2066 615 2097 et
647 2058 678 2099 F
675 2057 823 2114 fza,
856 2071 895 2102 et
926 2062 1101 2103 distantia
1134 2062 1302 2105 duorum
1350 2063 1674 2118 corpusculorum
1719 2062 1861 2115 proxi-

1697 2137 1856 2166 morum
