1941 2674
481 50 568 99 382
686 40 774 84 DE
809 37 1047 84 DVoBVs
1078 35 1557 82 DrADEMATfflVs

479 162 552 200 istis
584 158 794 199 rumoribus
835 157 901 196 suis
932 157 1078 209 plorare
1122 156 1222 195 iubet
1265 165 1677 208 monumentorumque
1708 163 1767 196 τεηπ

478 223 654 263 stimonia
688 232 724 261 et
752 221 989 260 auctoritates
1020 215 1190 273 requirit:
1227 219 1451 259 Fontaninus
1476 230 1570 257 vero
1596 219 1676 257 satis
1701 231 1768 258 ve-

479 296 598 325 terem
628 285 730 323 illam
760 284 900 322 famam
931 283 1001 322 effe
1031 283 1244 331 contendit,
1280 291 1316 320 et
1336 281 1615 333 peruuigatam,
1649 293 1768 333 neque

480 348 689 388 absurdam.
764 347 951 398 Equidem
975 377 984 394 ,
1036 355 1078 385 vt
1111 347 1204 386 inter
1238 345 1473 384 summorum
1508 345 1676 383 virorum
1710 344 1770 383 di-

479 411 718 464 sceptationes
745 421 837 449 meo
866 408 1030 460 quodam
1063 409 1199 447 iudicio
1227 417 1330 456 Vtar,
1365 407 1463 459 quod
1493 406 1574 446 fieri
1598 406 1770 458 plerum-

480 487 551 528 que
590 474 681 513 solet
702 503 712 522 ,
765 485 840 511 non
874 472 948 512 sine
982 472 1061 510 veri
1093 471 1240 523 falsique
1274 471 1426 510 mistura
1458 470 1768 510 Modo'etenfium

479 538 623 578 famam
658 535 886 589 perseuerare
915 537 1059 573 censeo.
1128 534 1283 574 Factum
1313 534 1456 572 videtur
1488 533 1660 573 diadema
1693 532 1769 572 hoc

480 602 525 640 ad
543 598 1044 651 Constantinopolitanorum
1069 596 1232 636 formam
1250 626 1259 646 ,
1289 595 1606 648 transmiffumque
1625 609 1645 635 a
1664 593 1772 635 Con-

482 664 644 704 stantino
676 663 722 702 ad
756 661 1049 714 Longobardos,
1083 660 1140 700 sed
1173 660 1333 701 minime
1365 660 1535 711 gentium
1564 672 1584 698 τι
1612 657 1770 711 Magno,

485 727 646 768 Nomen
679 735 806 765 tamen
841 724 967 763 fefellit
997 724 1155 775 Magni,
1192 725 1289 762 cuius
1322 723 1495 761 illustrior
1527 722 1673 774 semper
1707 723 1774 763 fuit

451 830 453 832 ,
488 790 676 830 memoria
711 788 756 827 ad
788 787 997 840 populum,
1030 799 1141 838 quam
1175 795 1384 825 ceterorum
1421 783 1772 827 constantinorum.

489 854 546 894 At
585 852 648 891 illa
692 851 862 891 minuties
905 862 1067 888 coronae
1107 849 1414 901 Longobardrcae
1450 860 1515 886 nos
1548 849 1772 900 coufirmat,

491 928 537 955 ne
573 914 703 953 uostris
733 913 830 952 hisce
862 912 1005 951 circulis
1038 912 1088 950 ob
1120 911 1215 950 hanc
1249 912 1361 950 (olam
1396 911 1552 950 caufliim
1585 911 1777 951 diadema-

490 987 573 1018 tum
609 988 751 1015 nomen
784 986 980 1026 negemus,
1025 974 1123 1027 quod
1158 974 1281 1025 pausso
1317 974 1481 1013 minores
1516 973 1595 1013 sint.
1679 974 1776 1015 Non

490 1042 568 1081 sunt
600 1049 677 1078 tam
715 1038 862 1090 exigui,
898 1050 938 1076 ac
973 1037 1253 1088 Longobardica
1290 1048 1447 1085 corona,
1486 1048 1596 1088 quam
1631 1036 1691 1076 hic
1725 1050 1777 1078 ex

492 1103 706 1145 muratorio
731 1111 769 1140 et
796 1101 1007 1140 Fontanino
1034 1100 1263 1153 propositam
1294 1099 1584 1151 descriptamque
1610 1100 1781 1142 conferre

493 1166 655 1220 potestis.
727 1163 816 1204 Scio
849 1162 1036 1202 Ioannem
1069 1163 1387 1212 Peringskioldum
1421 1162 1584 1201 formam
1619 1161 1778 1216 Longo-

494 1230 662 1270 bardicae
705 1239 865 1266 coronae
907 1227 952 1266 ab
992 1225 1061 1265 hac
1103 1225 1282 1265 diuersam
1319 1225 1366 1265 ad
1398 1226 1433 1265 T
1437 1225 1630 1264 heodorici
1664 1227 1780 1280 Regis

494 1297 615 1335 vitam
647 1295 663 1341 ζ
665 1294 710 1344 g)
744 1291 955 1345 protulisse,
989 1301 1032 1330 vt
1063 1304 1148 1330 eam
1179 1291 1321 1331 illustris
1348 1290 1658 1343 Sparwenfeldius
1684 1291 1782 1332 Mo-

496 1360 615 1400 do'e'tii
648 1356 718 1410 ipse
754 1359 936 1411 pinxerat.
1031 1356 1132 1411 Quid
1163 1355 1257 1396 hanc
1293 1356 1537 1397 diuersrtatrm
1573 1358 1781 1412 pepererit,

497 1427 617 1466 dicere
646 1435 722 1461 non
751 1423 918 1476 possum:
953 1430 991 1460 nt
1007 1419 1109 1460 Italis
1126 1430 1163 1460 et
1189 1421 1564 1461 cousummatissirnae
1590 1421 1782 1463 doctrinae

497 1491 614 1539 viris,
655 1497 693 1526 et
725 1497 804 1526 orta
839 1486 1103 1533 contrauersia,
1145 1485 1417 1534 oculatissimis,
1458 1498 1523 1524 cur
1554 1498 1627 1537 ego
1660 1489 1786 1539 potius

498 1557 614 1598 fidem
651 1565 727 1591 non
759 1548 992 1592 adhibeam?
1033 1551 1208 1604 Denique
1239 1553 1351 1591 etiam
1384 1552 1430 1591 de
1462 1552 1617 1591 minutie
1648 1552 1781 1594 talium

500 1622 756 1663 diadematum
791 1627 870 1656 orta
904 1617 1000 1657 mihi
1035 1618 1087 1657 est
1119 1616 1272 1671 suspicio
1306 1630 1381 1656 non
1415 1615 1584 1664 absurda,
1617 1626 1659 1656 vt
1683 1619 1782 1659 arbi-

501 1698 592 1729 tror.
657 1683 757 1724 Cum
791 1692 849 1722 tot
881 1683 1038 1735 populi,
1074 1684 1174 1735 quod
1204 1696 1253 1723 ex
1287 1681 1532 1722 Constantino
1564 1683 1784 1736 Porphyro-

502 1760 659 1806 gennem
687 1749 780 1789 mihi
809 1748 972 1797 constat,
1008 1746 1563 1800 diademata,Constantinopoli
1592 1758 1784 1805 peterent,

504 1812 928 1866 Constantinopolitani‚
965 1814 1025 1865 qui
1058 1814 1162 1853 inuiti
1194 1813 1351 1862 dabant,
1384 1814 1430 1852 de
1467 1813 1633 1866 pondere
1663 1814 1787 1857 detra-

505 1883 595 1925 xiffe
623 1890 659 1920 et
685 1877 938 1931 magnitudine
964 1879 1158 1929 videntur,
1191 1888 1234 1918 vt
1265 1887 1302 1917 et
1333 1878 1492 1931 sumptui
1523 1890 1716 1932 parcerent
1747 1894 1788 1926 et

1667 1948 1787 1987 maie..

647 2060 702 2098 (ε)
727 2069 752 2098 ΡΛ
773 2068 836 2098 573·

1927 1741 1941 1906 ,μυ-«Λ--
1922 1693 1941 1709 ,i
1939 1670 1941 1679 c
