1941 2674
351 1853 458 1893 Experj
484 1853 508 1882 8.

525 130 612 168 266
863 95 942 162 15ss
974 91 1239 162 mem)
1251 90 1471 180 ²A²QVAE

521 241 619 281 fluit.
684 236 789 280 Cum
821 236 937 290 igitur
971 235 1180 290 particulae
1215 235 1407 289 quaedam*
1437 245 1575 288 aqueae
1607 233 1654 274 ad
1674 234 1820 274 vitrum

521 302 714 344 succeffiue
750 301 930 341 accedant
962 309 1002 338 et
1035 299 1330 351 suspendantur,
1373 310 1470 350 quae
1507 298 1554 337 ab
1597 297 1710 336 initio
1742 309 1824 336 non

521 367 563 407 in
597 364 818 405 cont-aetum
849 362 1011 402 veniunt
1028 392 1040 413 ‚
1073 361 1239 414 sequitur
1276 361 1531 401 απναεῗίοηεηι
1565 362 1660 401 inter
1690 361 1828 400 vitrum

522 436 559 471 et
588 440 722 483 aquam
754 425 988 467 intercedere.

991 520 1277 592 Scholiuin
1312 550 1361 598 1.

638 633 839 674 Laudandi
876 633 993 686 igitur
1027 630 1111 670 sunt
1151 631 1333 670 omnino,
1363 631 1654 682 ingeniofisfimi
1700 633 1829 686 Viri,

526 699 592 752 qui
619 697 774 740 reiestis
804 696 890 736 aliis
923 693 1230 747 hypothesibus,
1264 692 1570 747 phaenomenon
1612 696 1832 737 Attractio-

526 763 584 800 nis
616 761 663 800 ad
701 759 779 799 hoc
811 759 1013 811 negotium
1054 755 1342 796 transtulerunt.
1403 755 1565 797 Interim
1609 760 1736 811 quiuis
1773 759 1833 799 fa-

528 823 602 863 cile
637 822 840 872 concedit,
881 822 920 860 in
955 818 1119 872 simplici
1163 817 1397 870 allegatione
1440 817 1556 859 huius
1594 822 1835 863 attraetionis

528 898 648 939 aquae
680 885 728 925 ad
759 885 906 924 vitrum
942 895 1022 921 non
1055 879 1321 920 subsistendum
1358 881 1454 921 effe:
1489 895 1609 936 neque
1641 886 1749 925 enim
1784 887 1834 927 ad

529 948 744 1002 plenariam
777 945 1010 985 solutionem
1041 943 1297 995 problematis
1334 944 1522 995 propositi
1557 945 1693 986 sufficit
1727 948 1837 989 dice-

528 1023 590 1050 re:
629 1021 739 1062 aqua·
760 1008 817 1047 ad
841 1009 979 1047 vitrum
1011 1003 1240 1046 attrahitur:
1272 1004 1374 1057 Ergo
1403 1017 1504 1059 aqua
1534 1009 1571 1047 in
1601 1008 1734 1050 tubulis
1761 1024 1833 1052 ca-

523 1071 720 1127 pillaribus
751 1067 922 1124 ascendit,
990 1068 1161 1122 Oportet
1193 1067 1312 1107 etiam
1345 1067 1568 1119 ostendere,
1601 1073 1770 1124 quomodo
1796 1083 1837 1113 et

526 1146 643 1189 quare
674 1146 769 1187 aqua
802 1133 848 1172 ad
883 1132 982 1172 hanc
1015 1130 1081 1171 vel
1113 1130 1223 1169 illam
1263 1130 1534 1183 altitudinem,
1574 1132 1642 1173 sub
1678 1134 1741 1174 his
1771 1136 1837 1176 vel

527 1198 604 1237 illis
633 1195 930 1242 ⁴circumstantiis
961 1190 1162 1234 ascendat?
1194 1193 1343 1234 verbo:
1384 1193 1479 1246 leges
1519 1191 1677 1249 astenstcs
1714 1197 1838 1252 expli-

528 1262 611 1301 cari
641 1258 769 1299 debent
794 1257 927 1313 strift'e
965 1269 1014 1297 ex
1047 1254 1296 1311 phaenomena
1334 1262 1372 1296 et
1410 1255 1545 1310 legibus
1585 1260 1834 1302 attraei‘ionis.

529 1324 736 1378 Quousque
768 1333 867 1359 vero
901 1319 978 1360 sola
1011 1331 1132 1372 aquae
1164 1318 1210 1358 ad
1243 1320 1389 1359 vitrum
1410 1322 1589 1361 attrastio
1608 1323 1699 1363 huic
1718 1337 1839 1376 quae-2

530 1386 642 1426 stioni
673 1383 896 1434 satisfaciat,
930 1395 981 1422 ex
1012 1381 1252 1435 sequentibus
1291 1382 1428 1421 clarius
1471 1384 1645 1438 patebit,
1685 1387 1840 1440 quando

528 1448 827 1489 circumstantias
857 1445 1025 1487 ascensus
1055 1444 1210 1499 plenius
1242 1444 1482 1485 euoluemus.
1816 1475 1819 1478 ,

981 1552 1274 1613 Scholium
1311 1573 1366 1618 2.

645 1661 881 1701 Mercurium
912 1670 1065 1714 quoque
1096 1669 1124 1697 a
1155 1660 1257 1699 vitro
1283 1652 1438 1699 reiineri
1453 1665 1490 1700 et
1507 1659 1658 1702 attrahi
1680 1662 1839 1714 quidam

529 1724 690 1764 voluere
723 1724 911 1764 dubitare.
978 1722 1056 1763 Sed
1088 1723 1297 1761 veritatem
1330 1721 1388 1761 rei
1427 1722 1710 1765 demonstrauit
1749 1724 1836 1767 Cel.

530 1787 680 1828 larinus
710 1787 751 1826 in
783 1783 884 1825 Difl‘.
906 1783 962 1826 ΙΙ.
997 1785 1116 1837 Prop.
1143 1782 1220 1824 IV.
1255 1793 1296 1823 et
1326 1784 1570 1826 manifestum
1601 1799 1754 1840 quoque
1785 1790 1843 1832 est

533 1862 583 1889 ex
615 1862 689 1900 eo,
722 1849 826 1901 quod
857 1848 1006 1900 globuli
1038 1847 1284 1888 mercuriales
1315 1847 1500 1898 minimi,
1539 1849 1678 1890 tubulis
1717 1852 1843 1906 capil-

531 1912 670 1952 laribus
701 1923 862 1951 externe
903 1911 1003 1951 adeo
1044 1910 1291 1962 pertinaciter
1331 1909 1539 1952 adhaerere
1585 1911 1756 1966 soleant,
1796 1924 1844 1956 vt

531 1975 691 2028 abstergi
727 1974 763 2014 se
797 1986 876 2014 non
910 1977 1128 2027 patiantur-3
1160 1972 1202 2014 id
1235 1973 1361 2026 quod,
1391 1973 1484 2013 dum
1517 1975 1709 2028 replendis
1732 1989 1842 2018 mer-

534 2039 642 2079 curio
677 2037 969 2080 thermometris
1000 2043 1217 2090 occupatus
1237 2035 1381 2090 estem,
1408 2048 1502 2079 meo
1533 2036 1644 2094 saepe
1672 2037 1839 2081 incom-

1710 2103 1840 2146 modo
