1941 2674
333 86 401 128 IN
431 83 602 128 TVBIS
636 83 1065 130 CAPILLARIBVS.
1275 92 1368 140 263

67 202 133 249 los
179 200 393 256 superficiei
442 202 616 241 internae
669 201 920 247 intermedios
960 202 1009 242 ab
1050 201 1206 243 orificio
1246 204 1367 245 tubuli

67 267 117 315 ad
151 266 414 306 summitatem
447 264 626 304 attrastae
662 278 803 318 aquae,
848 266 992 318 partim
1036 278 1133 305 vcro
1177 267 1366 308 abolitam

64 331 364 382 grauitationem
396 340 513 380 aquae
547 327 735 379 suspensae
780 340 846 381 per
887 329 970 368 vim
1011 329 1278 382 ant-affluam,
1329 338 1370 370 ct

65 392 157 432 hinc
190 391 416 432 facilit-atam
451 389 684 442 preffioncm
717 403 832 444 aquae
874 391 914 430 in
958 391 1042 431 vase
1080 393 1369 445 contraponde·

63 456 181 495 rantis
212 456 259 495 ad
293 454 486 494 maiorem
521 453 788 503 altitudinem,
825 454 865 492 in
897 453 1096 494 subsidium
1124 467 1263 494 vocare
1291 468 1366 495 co·

64 517 170 557 astus
205 517 280 567 est,
314 516 416 569 quod
453 526 580 555 tamen
613 516 890 556 adminiculum
934 516 1068 556 iisdem
1102 529 1190 556 cum
1235 517 1367 570 hypo-

62 579 158 619 thesi
177 580 379 620 Cam-ecana
397 576 680 618 difficultatibus
699 578 859 618 laborat.
928 579 1118 632 Reliquae
1135 611 1147 630 ,
1166 592 1261 632 quae
1281 580 1367 620 ficri

60 642 243 695 possent,
276 640 517 681 obiestiones
548 641 731 681 clariores
761 641 925 680 euadent
955 642 995 680 in
1027 642 1228 694 progressu
1254 642 1368 682 huius

61 717 173 745 meae
218 713 385 744 tentatae
425 703 795 753 commentationis,
848 715 920 755 qua
960 703 1188 743 sententiam
1228 717 1363 744 meam

60 767 339 821 phaenomeno
391 764 634 804 attrae'tionis
681 764 855 816 generali
903 766 1085 804 innixam
1131 765 1372 820 sequentibus

59 828 389 885 propositionibus
419 825 596 867 assertam
628 826 749 866 dabo,

442 949 823 1009 PROPOSIT
828 948 910 1007 10
945 949 985 1007 Ι.

175 1047 336 1106 Quando
367 1046 434 1085 duo
466 1052 622 1098 cozpora
654 1046 691 1084 in
723 1051 884 1084 mutuam
914 1044 1092 1085 viciniam
1123 1045 1267 1097 delata,
1309 1048 1365 1089 ad

45 1106 91 1166 fi>
132 1112 282 1152 inulcem
321 1109 517 1158 accedunt,
560 1108 696 1160 absque
733 1110 900 1161 potentia
944 1107 1134 1162 manifesta
1180 1108 1358 1152 haeJenus

59 1177 202 1227 cognita
242 1167 461 1224 extrinsecus
505 1177 659 1222 agente,
705 1177 748 1210 vt
791 1183 901 1210 vnum
941 1173 1140 1211 continuum
1179 1171 1358 1224 efficiant:

57 1237 169 1278 Talis
202 1243 342 1276 mutuus
375 1232 570 1287 congreffics
601 1234 730 1273 vocari
748 1229 843 1285 solet
860 1233 1050 1274 Attrac‘t'io
1065 1263 1076 1285 ‚
1104 1240 1141 1274 et
1158 1237 1244 1287 vis,
1263 1247 1363 1291 quae

54 1299 148 1343 hum·
180 1295 394 1354 cwzgrcffitm
418 1297 613 1352 producit,
645 1296 693 1351 est
723 1298 785 1337 vis
815 1296 1035 1337 attrafflua.

544 1417 860 1475 Scholium.

169 1515 313 1556 Talem
345 1513 615 1554 attractionem
647 1513 752 1564 dari,
785 1514 885 1554 adeo
904 1512 1100 1554 euidenter
1126 1514 1166 1555 in
1185 1515 1356 1570 pluribus

55 1578 282 1632 corporibus
313 1577 554 1623 obseruatur,
589 1585 633 1615 vt
665 1576 776 1616 omni
805 1577 924 1616 iurea
944 1575 1356 1629 sagaciffimisnostro-

54 1655 143 1682 rum
177 1651 399 1694 temporum
434 1639 602 1689 Physicis
632 1648 830 1691 tamquam
852 1638 1153 1690 phaenomenon
1171 1644 1352 1694 generale

53 1705 98 1746 fit
129 1714 340 1757 receptum.
407 1702 598 1758 Quamuis
627 1711 755 1741 autem
787 1698 906 1742 cauffii
941 1701 1054 1741 huius
1096 1714 1253 1745 mutuae
1285 1718 1355 1746 ac-

53 1766 227 1808 ceffionis
257 1766 320 1806 vel
352 1765 606 1806 Attraffionis
639 1764 819 1816 proxima
839 1776 910 1804 nos
927 1763 1051 1804 adhuc
1071 1764 1191 1806 latere
1208 1779 1355 1809 omnes

51 1829 259 1870 fateantur:
292 1828 367 1868 hoc
403 1838 533 1868 tamen
567 1840 645 1866 non
683 1827 874 1880 impedit,
909 1839 986 1879 quo
1019 1828 1147 1868 minus
1178 1829 1349 1872 aliorum

51 1892 259 1932 eff-*stium
293 1889 438 1931 cauffie
471 1893 509 1931 in
542 1889 788 1930 Atti-afflone
805 1899 1057 1943 quaerantur3
1091 1893 1354 1943 quemadmo-

50 1956 146 1996 dum
180 1955 295 1994 multi
326 1953 485 1994 effeetus
517 1965 567 1992 ex
606 1953 790 2005 grauitate
830 1964 1040 2005 corporum
1082 1954 1350 2009 deducuntur,

51 2018 230 2074 quamuis
260 2017 458 2071 grauitatis
487 2016 596 2071 ipfius
626 2016 744 2057 cauffa
775 2016 952 2058 nondum
992 2015 1038 2058 fit
1079 2016 1347 2060 determinata.

1269 2081 1350 2140 Qui
