1941 2674
362 55 450 98 EX
484 54 717 97 TRVNCO
752 51 1027 96 ARBORVM
1062 51 1274 95 ΕΝΑΤΟ.
1377 65 1464 105 199

172 174 378 227 quicquum
408 172 614 225 apparebat
647 171 810 211 insoliti:
845 171 999 212 alterius
1032 182 1162 212 tamen
1195 182 1275 213 erat
1308 172 1461 224 speciei,

171 251 287 290 quarn
324 248 449 277 cetera
482 248 574 288 quae
610 236 730 275 malus
762 234 919 275 ferebat.
987 236 1216 276 Notandum
1262 248 1356 275 vero
1398 250 1466 276 ar-

172 301 312 340 boum
344 312 397 339 ex
432 300 584 339 illarum
618 298 727 339 furffe
760 311 924 351 genere,
956 312 1052 352 quae
1083 309 1222 351 gerunt
1254 312 1384 339 ramos
1412 311 1465 340 ex

172 364 385 416 peregrmis
423 362 576 402 surculis
618 373 755 402 trunco
797 362 913 401 infitis
958 373 1082 402 natos.
1149 363 1376 417 Qmefitum
1411 375 1463 405 cx

175 439 242 466 mc
282 426 375 477 fuit,
417 426 620 480 quomodo
651 425 735 465 fieri
779 426 972 477 potuerit,
1025 435 1069 465 vt
1109 436 1262 477 practer
1307 439 1464 466 n.turae

174 488 490 529 consuetudinem
522 499 672 527 truncus
704 488 835 526 ederet
867 488 1045 537 malum,
1090 499 1130 526 et
1162 500 1229 526 cur
1265 489 1366 528 idem
1402 490 1462 528 al-

175 553 292 592 terius
327 552 441 593 fuerit
472 552 632 602 speciei,
673 561 789 602 quam
824 561 920 602 quae
971 550 1130 602 gerebat
1177 549 1303 590 malus
1350 563 1466 592 more

173 615 357 657 consueto
389 616 510 656 edita,

291 740 503 794 Responsio
535 738 583 778 ad
610 736 872 791 quaestionem
905 737 1067 779 alteram
1100 739 1197 780 nihil
1220 739 1368 793 prorsus
1386 740 1465 780 dif-

174 803 350 845 ficultatis
382 803 507 842 habet.
572 800 619 842 In
658 800 794 853 'vulgus
834 811 974 840 notum
1023 803 1099 853 est,
1149 812 1326 843 truncum
1368 816 1461 844 cum

171 865 359 908 radicibus
390 857 629 918 nequaquam
663 875 813 904 mutare
847 863 1041 916 speciem,
1084 866 1110 906 ss
1146 868 1340 919 peregrlni
1382 866 1462 907 sur-

171 928 248 967 culi
280 928 410 968 eidem
443 927 667 968 inseruntur.
737 926 832 982 Quis
864 929 969 967 enim
1003 928 1056 968 est
1090 930 1155 983 qui
1195 929 1336 970 nesciat
1367 928 1461 977 jsto-

168 988 278 1030 lones
310 1003 362 1031 ex
395 991 585 1031 radicibus
619 1001 660 1044 et
694 989 808 1043 stirpe
843 989 1057 1031 istiusmodi
1088 992 1269 1033 arborum
1303 990 1469 1033 emissos

167 1053 342 1094 eiusdem
380 1052 455 1094 effe
488 1054 650 1108 speciei,
692 1053 800 1093 cuius
834 1063 915 1092 erut
945 1054 1086 1106 arbor,
1127 1067 1336 1109 antequam
1380 1055 1463 1096 sur-

167 1116 243 1156 culi
276 1117 406 1157 eidem
440 1117 712 1168 insererentur,
745 1128 817 1156 nec
850 1116 946 1169 ligni
980 1117 1219 1159 [ubstantiam
1252 1132 1297 1159 ac
1339 1119 1463 1160 corti-

168 1191 258 1219 cem
291 1193 313 1220 a
347 1180 468 1234 specie
502 1181 654 1235 pristina
689 1179 804 1220 abire.
866 1178 1004 1221 Immo
1036 1183 1120 1234 quiS
1158 1182 1241 1234 est⁷
1279 1183 1345 1236 qui
1388 1195 1462 1222 ne-

165 1241 282 1294 sciat,
316 1243 343 1284 fi
374 1243 509 1285 surculi
546 1243 737 1298 peregrini
768 1242 982 1283 inseruntur
1012 1245 1148 1285 relisto
1181 1246 1312 1299 aliquo
1331 1258 1469 1298 ramo,

167 1318 286 1359 quem
319 1318 407 1346 ante
438 1308 594 1360 gerebat
634 1307 702 1348 fibi
745 1307 979 1359 proprium,
1028 1308 1123 1348 illos
1172 1308 1272 1349 ferre
1319 1307 1466 1349 frustus

166 1370 248 1409 eius
278 1368 443 1423 speciei,
476 1371 578 1411 cuius
611 1380 690 1410 erat
722 1370 859 1419 arbor,
894 1370 994 1410 vnde
1026 1370 1316 1422 resecabant-ur,
1352 1371 1455 1412 hunc

168 1443 266 1472 vero
299 1434 410 1473 edere
442 1433 582 1474 frustus
613 1431 847 1473 consuetos?
874 1432 1148 1488 Quamobrem
1193 1447 1282 1475 cum
1315 1435 1462 1488 arbor‚.

156 1506 220 1534 ·ex
252 1497 358 1536 cuius
390 1507 526 1537 trunco
559 1496 704 1550 prodiit
722 1508 912 1549 pomum,
948 1509 1079 1537 ramos
1098 1499 1325 1551 peregrinos
1341 1511 1457 1552 gere-

166 1569 252 1610 ret,
305 1559 448 1600 insoliti
482 1559 580 1600 nihil
622 1559 700 1599 hoc
744 1558 888 1609 habet,
937 1560 1041 1613 quod
1081 1573 1250 1613 pomum
1300 1570 1454 1615 praeter

165 1633 322 1663 mturae
376 1621 692 1664 cousuetudinem
740 1623 921 1676 genitum
976 1636 998 1664 a
1057 1632 1280 1665 ceterorum
1329 1624 1455 1679 specie

167 1684 321 1726 abierit.
499 1690 502 1695 '

281 1813 500 1854 Enimuero
535 1813 583 1854 ad
616 1812 876 1867 quaestionem
910 1812 1111 1866 priorem,
1154 1814 1360 1868 quomodo
1400 1827 1454 1858 ex

160 1885 301 1916 trunco
335 1878 483 1917 arboris
514 1876 637 1917 enasci
670 1877 842 1930 potu-erit
873 1877 1048 1927 malum,
1082 1889 1164 1917 non
1199 1879 1298 1918 adeo
1332 1878 1454 1920 facilis

158 1937 351 1992 responsio
384 1940 454 1980 est.
521 1940 662 1992 Neque
695 1942 803 1979 enim
846 1940 1037 1993 principia
1083 1941 1365 1993 vegetationis,
1398 1954 1452 1982 ex

157 2003 294 2057 quibus
323 2003 517 2045 reddenda
551 2002 707 2044 effed’cus
743 2000 889 2044 insoliti
921 2003 1049 2056 ratio,
1088 2002 1273 2045 haetenus
1312 2004 1454 2057 Physt-

1396 2080 1453 2109 crs
