1941 2674
529 133 548 160 1
557 133 612 170 42
720 116 802 159 TH
806 115 1008 158 EOREM
1012 114 1131 159 ATV
1133 115 1187 157 M
1226 111 1308 174 QV
1306 111 1424 155 ORV
1426 111 1468 154 N
1471 112 1610 155 DAM

521 245 618 286 quor
651 233 836 273 nimirum
877 232 925 271 de
958 231 1027 271 illo
1061 230 1331 279 theoremate,
1368 227 1475 267 cuius
1508 226 1707 269 falsitatem
1728 229 1807 271 iam

521 297 669 348 aliquot
685 296 732 335 ab
753 295 843 334 hinc
863 296 970 333 annis
988 294 1133 333 ostendi
1150 325 1161 344 ,
1193 304 1270 345 quo
1290 292 1326 332 F
1326 293 1503 332 ermatius
1526 290 1654 330 afferit
1672 304 1810 333 omnes

522 371 705 398 numeros
738 357 809 397 hac
843 357 969 396 forma
1006 358 1154 401 ειη-ι-
1175 368 1193 393 1
1231 353 1537 408 comprehensos
1568 351 1643 393 effe
1671 367 1812 395 nume-

521 434 585 462 ros
617 422 780 473 primos.
845 420 910 459 Ad
952 419 1159 458 veritatem
1210 428 1342 457 autem
1386 417 1494 457 huius
1536 417 1811 470 propositionis

519 484 776 523 euincendam
820 482 994 522 inductio
1037 481 1205 520 omnino
1239 479 1411 520 sufficere
1443 481 1632 519 videatur.
1697 479 1807 521 Nam

521 556 791 600 praeterquam
836 546 940 598 quod
983 556 1121 583 omnes
1164 543 1224 583 isti
1269 544 1419 583 numeri
1469 544 1642 582 minores
1693 555 1808 596 quam

526 621 705 648 100000
737 609 807 649 sint
832 620 964 647 reuera
984 607 1129 659 primi,
1166 606 1419 646 demonstrari
1448 607 1568 645 etiam
1589 605 1698 645 facile
1718 615 1813 659 pot-

522 672 576 712 est
618 672 769 712 nullum
807 682 1015 711 numerum
1057 671 1257 721 primum,
1299 673 1387 707 600
1434 681 1514 708 non
1557 669 1810 708 excedentem

522 733 621 774 hanc
653 734 862 774 formulam
900 735 1038 778 2²n÷
1057 744 1074 769 1
1094 762 1106 783 ,
1139 733 1384 785 quantumuis
1418 744 1579 783 magnus
1597 731 1717 771 etiam
1737 744 1812 771 nu-

523 810 652 837 merus
686 810 758 850 pro
791 810 812 837 72
845 795 1105 843 substituatur,
1143 796 1285 835 metiri.
1352 792 1455 834 Cum
1488 803 1619 833 tamen
1661 793 1811 834 nihilo-

523 861 649 900 minus
681 860 829 900 constet
862 859 961 898 hanc
996 858 1299 910 propositionem
1333 857 1489 896 veritati
1511 869 1589 896 non
1617 854 1692 896 effe
1712 868 1811 897 con-

521 923 767 973 sentaneam,
803 921 916 961 filcile
950 921 1200 973 intelligitur,
1233 930 1420 974 quantum
1453 919 1627 961 inductio
1660 921 1700 959 in
1734 918 1810 961 hu-

524 985 694 1025 iusmodi
729 984 1046 1039 speculationibus
1076 984 1216 1024 valeat.

640 1112 673 1160 §.
709 1125 749 1151 2.
785 1109 894 1151 Hanc
927 1110 980 1151 ob
1014 1110 1207 1150 rationem
1240 1122 1382 1150 omnes
1412 1107 1635 1150 huiusmodi
1669 1123 1811 1151 nume-

519 1186 656 1215 rorum
690 1174 970 1227 proprietates,
1005 1186 1100 1226 quae
1134 1172 1212 1213 sola
1248 1174 1470 1213 industione
1502 1174 1695 1226 nituntur,
1729 1183 1812 1214 tam

521 1238 588 1278 diu
624 1249 697 1289 pro
732 1237 888 1276 incertis
920 1235 1111 1276 habendas
1142 1235 1218 1276 esse
1250 1236 1442 1287 arbitror,
1477 1236 1600 1276 donec
1633 1236 1722 1276 illae
1743 1237 1810 1277 vel

522 1299 749 1352 apodicticis
782 1298 1176 1339 demonstrationibus
1208 1300 1430 1339 muniantur
1458 1298 1521 1339 vel
1549 1300 1717 1339 omnino
1744 1311 1811 1339 re-

521 1362 712 1403 fellantur.
782 1361 880 1401 Non
912 1361 997 1414 plus
1027 1361 1146 1400 etiam
1180 1361 1256 1400 illis
1288 1361 1567 1415 theorematis,
1601 1373 1697 1414 quae
1731 1374 1809 1414 ego

521 1424 601 1477 ipse
638 1424 696 1464 illi
731 1423 1023 1474 schediasmati,
1059 1424 1099 1463 in
1131 1436 1209 1477 quo
1241 1424 1286 1464 de
1321 1434 1544 1464 memorato
1565 1423 1810 1465 theoremate

522 1487 560 1528 F
561 1489 766 1528 ermatiano
796 1487 1043 1539 numerisque
1061 1487 1240 1540 perfetstis
1267 1486 1452 1539 trastaui,
1487 1486 1652 1538 subieci,
1684 1487 1812 1528 fiden-

521 1550 617 1591 dum
651 1551 726 1590 esse
762 1549 984 1600 censerem,
1025 1549 1054 1590 st
1091 1559 1240 1590 tantum
1277 1549 1588 1603 inductionibus,
1631 1563 1705 1604 qua
1745 1551 1811 1591 via

521 1614 682 1667 quidem
714 1612 791 1653 sola
825 1622 910 1654 tum
942 1613 1134 1665 temporis
1164 1613 1211 1653 ad
1241 1625 1380 1653 eorum
1413 1614 1684 1666 cognitionem
1719 1625 1812 1668 per-

523 1677 641 1726 ueni,
674 1677 899 1716 niterentur.
966 1674 1086 1717 Nunc
1121 1688 1243 1727 vero,
1278 1676 1478 1729 postquam
1512 1675 1699 1730 peculiari
1720 1688 1812 1717 me-

522 1738 646 1778 thodo
677 1738 1028 1781 demonstrationes
1061 1738 1203 1779 horum
1246 1738 1536 1780 theorematum
1580 1738 1812 1780 firmiffimas

521 1800 602 1841 sum
638 1801 817 1853 adeptus,
850 1801 899 1841 de
933 1801 1098 1841 veritate
1130 1814 1268 1842 eorum
1302 1814 1382 1842 non
1413 1802 1579 1856 amplius
1610 1801 1663 1842 est
1693 1802 1811 1843 dubi-

522 1864 700 1903 tandum.
765 1863 956 1919 Quocirca
988 1873 1069 1905 tam
1104 1864 1152 1904 ad
1193 1865 1401 1905 veritatem
1442 1865 1600 1906 illorum
1639 1859 1832 1906 theore?

524 1935 675 1966 matum
709 1926 1009 1979 ostendendam,
1040 1939 1157 1981 quam
1189 1928 1235 1968 ad
1265 1927 1501 1970 methodum
1531 1928 1676 1982 ipsam,
1709 1939 1808 1981 quae

523 1988 625 2029 forte
656 1990 777 2031 etiam
817 1989 859 2031 in
899 1990 986 2032 aliis
1025 2002 1279 2032 numerorum
1319 1991 1675 2046 inuestigationibus
1727 1990 1809 2031 vti-

1653 2054 1805 2095 litatem
