1941 2674
556 97 646 148 368
930 89 1020 137 DE
1051 85 1220 138 NVMO
1253 88 1447 137 MVSEI

552 209 735 254 modestia
768 208 997 259 Alexandri,
1039 221 1130 263 quae
1161 210 1198 249 in
1231 222 1279 250 eo
1310 209 1486 250 omnium
1519 207 1738 249 testimonio
1772 206 1839 249 {uit

550 275 697 315 summa
719 299 730 321 ,
784 282 825 311 vt
856 272 949 311 nihil
980 273 1066 312 ‘enm
1101 273 1293 325 gloriosrus
1326 273 1373 311 de
1406 275 1510 312 rebus
1541 272 1605 312 luis
1635 273 1732 325 apud
1764 272 1838 312 Se-

551 347 679 378 natum
721 335 895 375 irretit-asse
935 337 1083 388 opiner.
1181 334 1325 375 Contra
1361 337 1398 375 in
1431 336 1534 375 clade
1566 336 1836 376 Romanorum

550 412 627 440 non
662 399 784 439 modo
815 398 1044 438 Herodianus
1065 429 1076 449 ,
1119 399 1238 438 bonus
1270 411 1358 438 cum
1392 399 1524 451 primis
1554 399 1706 451 scriptor
1727 428 1737 447 ,
1778 397 1838 437 sed

551 462 676 504 multo
707 462 826 514 magis
856 460 941 501 Dio
972 460 1111 501 Cassius
1142 474 1208 501 me
1239 471 1371 502 mouet
1401 465 1480 513 (y).
1543 461 1685 503 Nihilo
1716 461 1839 501 minus

550 538 600 565 ex
622 525 843 565 Herodiano
869 537 1015 577 quoque
1040 525 1167 577 colligi
1195 525 1341 578 potest,
1375 525 1578 564 exercitum
1605 524 1837 574 Alexandri,

548 590 610 641 qui
645 600 713 641 per
743 588 968 627 Armeniam
1000 589 1038 626 in
1070 588 1236 640 regiones
1266 590 1305 627 T
1309 588 1415 640 igridi
1447 588 1654 628 adiacentes
1684 587 1837 639 irrupit,

548 664 608 693 res
636 663 790 703 magnas
815 660 942 690 contra
969 650 1086 690 Persas
1112 650 1261 703 gessisse.
1328 652 1380 691 Et
1400 651 1632 690 Herodianus
1657 650 1838 703 quidem,

549 715 808 754 Artaxerxem
858 714 984 753 multis
1027 714 1172 753 suorum
1218 714 1425 754 desideratis
1470 714 1694 765 superiorem
1735 712 1838 752 fiiiffe

549 778 761 831 praedicat,
794 785 921 816 tamen
949 777 1050 816 idem
1079 777 1247 824 testatur,
1286 789 1363 816 non
1397 777 1603 817 minoribus
1636 789 1723 816 eum
1759 776 1838 816 cla-

551 840 655 879 dibus
685 840 834 879 suorum
865 839 1096 878 debilitatum
1124 840 1162 878 in
1191 839 1350 880 Persiam
1377 839 1410 878 se
1438 840 1634 892 recepisse,
1670 840 1837 878 militem

550 902 750 950 dimififl'e,
791 911 828 940 et
860 914 995 953 pacem
1029 902 1192 942 colnisse.
1259 901 1378 942 Ετῶν
1410 892 1452 942 ἓν
1487 900 1604 954 τριῶν
1635 893 1665 951 ἦ
1699 897 1837 942 ‘refiei-

553 977 627 1018 ξων
659 961 916 1018 ἡσύχασαν,
953 958 1016 1002 §3’
1047 958 1087 1003 ἐν
1121 959 1280 1012 ὅπλοις
1309 960 1500 1019 evemplo.
1566 965 1694 1006 Annos
1725 966 1838 1017 {gitur

548 1033 628 1067 tres
671 1034 738 1068 aut
778 1032 944 1079 quatuor
978 1027 1192 1079 quieuerunt
1212 1057 1222 1076 ,
1275 1038 1388 1080 neque
1427 1029 1466 1067 in
1508 1029 1625 1068 armis
1656 1028 1833 1082 suerunt.

550 1089 710 1145 Quartus
742 1088 805 1128 ille
839 1101 950 1130 annus
975 1090 1012 1128 in
1037 1099 1253 1129 extremum
1281 1090 1488 1130 Alexandri
1519 1091 1660 1130 incidit.
1723 1090 1839 1146 Quae

546 1152 633 1191 illae
662 1162 741 1192 tam
769 1153 1023 1201 voluntariae,
1058 1161 1232 1205 tamquae
1267 1153 1457 1192 diuturnae
1489 1153 1678 1201 induciae,
1713 1153 1740 1194 fi
1766 1153 1837 1194 illo

547 1214 650 1254 bello
681 1215 804 1255 Persae
837 1227 910 1255 non
942 1215 1073 1254 fuerint
1102 1212 1277 1269 repreffi?
1318 1217 1419 1271 Quid
1451 1216 1548 1255 adeo
1577 1217 1834 1267 Artaxerxes,

548 1289 666 1330 neque
698 1290 786 1317 cum
820 1278 1039 1318 Alexander
1077 1291 1176 1319 mox
1216 1291 1265 1317 ex
1296 1277 1402 1330 Syria
1442 1280 1637 1318 decederet
1656 1309 1667 1329 ,
1717 1291 1836 1332 neque

549 1353 637 1381 cum
670 1340 755 1380 inde
791 1342 836 1381 ad
869 1337 1139 1381 Germanicum
1184 1341 1324 1381 bellum
1367 1342 1659 1395 proficisceretur
1679 1372 1690 1392 ,
1741 1342 1837 1382 nihil

547 1412 676 1443 tamen
708 1403 805 1444 ausus
836 1403 912 1453 est,
947 1404 1013 1445 nifi
1039 1405 1259 1444 Alexandro
1290 1404 1475 1458 superstite
1511 1406 1622 1445 nimis
1646 1405 1762 1445 validi
1795 1406 1835 1446 in

553 1465 833 1519 Mesopotamia
865 1468 1034 1508 Romani
1073 1464 1236 1508 fuerint?
1287 1468 1340 1508 Et
1372 1468 1500 1522 Pagius
1539 1469 1688 1521 quidem
1722 1468 1840 1509 Persis

544 1530 780 1582 scriptoribus
810 1529 886 1569 hoc
920 1530 1009 1569 loco
1040 1532 1200 1571 nimium
1233 1531 1359 1571 tribuit
1385 1535 1474 1582 (z),
1510 1544 1597 1571 cum
1631 1532 1834 1571 vanitatem

548 1604 683 1632 eorum
717 1592 820 1632 facile
853 1594 971 1645 posset
1001 1593 1191 1647 dispicere.
1256 1595 1397 1643 Aiunt,
1430 1594 1691 1635 Alexandrum
1717 1594 1834 1634 fissum

547 1655 674 1696 multis
705 1656 876 1707 stragibus
909 1663 1053 1696 terram
1085 1656 1201 1697 Elam
1232 1665 1271 1698 et
1299 1656 1343 1699 H
1346 1665 1451 1698 amat
1479 1664 1518 1698 et
1550 1654 1712 1707 Sinear,
1753 1669 1834 1698 cum

543 1725 659 1774 parte
685 1719 754 1760 Ion
780 1725 817 1758 et
841 1717 1082 1772 Palaestinam
1107 1733 1223 1774 vsque
1251 1721 1306 1761 ad
1327 1720 1516 1762 Arabiam
1543 1721 1654 1760 Perfis
1684 1720 1832 1761 ceffiffe.

548 1781 665 1823 Elam
689 1781 746 1820 scu
770 1782 911 1830 Persia,
941 1783 977 1822 in
1004 1784 1185 1835 potestate
1213 1785 1480 1826 Romanorum
1508 1796 1713 1837 numquam
1745 1784 1832 1824 suit:

551 1843 703 1884 Hamat
735 1844 794 1883 seu
828 1843 977 1895 Syriam
1011 1856 1049 1885 et
1081 1847 1151 1888 Ion
1185 1847 1244 1886 seu
1277 1847 1387 1887 Asiae
1419 1847 1576 1888 minoris
1617 1856 1761 1899 partem
1794 1855 1834 1886 et

545 1906 787 1947 Palaestinam
807 1908 845 1946 in
864 1908 1050 1948 Persarum
1071 1922 1203 1949 manus
1227 1910 1386 1949 minime
1413 1909 1614 1964 peruenisse
1627 1940 1639 1961 ,
1675 1922 1721 1948 ne
1739 1921 1834 1962 opus

548 1971 700 2024 quidem
731 1970 784 2010 cst
804 2001 815 2020 ,
864 1981 906 2011 vt
940 1971 1093 2024 operose
1133 1973 1406 2014 demonstrem.
1504 1973 1582 2029 Qui
1613 1982 1692 2012 tam
1724 1972 1832 2012 foeda

1717 2046 1831 2074 com-

693 2114 754 2151 (y)
778 2113 847 2142 Vide
866 2115 1012 2143 Historiam
1031 2116 1196 2146 Osrhoenam
1216 2127 1245 2155 p.
1258 2127 1322 2156 193.
1333 2119 1384 2158 seq.
1464 2118 1523 2158 (z)
1543 2118 1637 2147 Tomo
1648 2117 1669 2147 l.
1682 2125 1709 2154 p.
1720 2122 1787 2144 212.
