1941 2674
137 101 227 145 AD
260 99 669 143 GEOMETRIAM
701 100 868 142 SITVS
903 99 1405 155 PERTINENTIS.137

118 217 262 258 Tertio
295 219 441 259 litteras
474 220 534 271 Α,
558 217 615 269 B,
639 215 672 256 C
700 227 775 256 etc.
808 218 872 257 fibi
915 218 1084 258 inuicem
1127 217 1333 271 subscribo,
1367 231 1408 261 ct

117 282 165 322 ad
194 294 380 334 quamque
410 295 615 322 numerum
652 284 855 334 pontium,
889 282 954 333 qni
998 281 1036 319 in
1071 293 1157 320 eam
1200 285 1404 335 regionem

114 345 257 384 ducunt
289 358 420 398 pono,
457 356 499 400 yt
529 346 576 386 ad
609 345 647 384 A
681 344 775 383 osto
808 347 947 384 ducunt
980 354 1145 397 pontes,
1178 346 1223 385 ad
1256 345 1289 385 Β
1311 360 1406 399 qua-

113 417 204 447 tuor
237 418 309 448 ctc.
379 410 530 464 Quarto
562 409 724 456 litteras,
761 419 856 459 quae
889 420 998 458 pares
1029 407 1232 448 adiuuem>
1263 409 1406 450 habent

112 483 297 510 numeros
327 471 501 511 asterisco
535 481 645 510 noto.
708 471 860 523 Quinto
892 470 930 507 in
975 471 1130 509 tertiam
1173 472 1402 513 columnam

108 531 230 573 scribo
265 535 416 586 parium
451 545 704 573 numerorum
738 532 926 581 dimidia,
960 532 1129 583 impares
1170 546 1267 573 vero
1311 537 1400 575 vni-

107 604 187 636 tate
238 608 388 649 augeo,
433 607 471 636 et
513 593 678 634 lemiffes
720 605 891 646 appono.
959 592 1084 633 Sexto
1136 597 1275 635 tertiae
1326 610 1399 637 co-

107 658 263 699 lumnae
297 670 478 699 numeros
507 658 676 697 inuicem
696 656 823 706 addo,
856 664 896 694 et
915 655 1077 695 obtineo
1105 658 1297 698 summam
1326 664 1394 700 16.

105 735 202 775 quae
236 735 328 762 cum
360 721 527 773 aequalis
560 720 604 759 s1t
636 730 801 758 numero
834 716 940 770 supra
973 719 1101 771 posito
1149 723 1230 772 16,
1274 721 1393 775 sequi-

103 794 166 824 tur
199 785 392 824 mmlitum
426 783 638 823 desiderato
671 782 798 821 modo
832 780 917 820 fieri
947 781 1081 833 poste,
1117 781 1144 822 fi
1164 785 1288 824 modo
1308 798 1397 826 cur-

100 847 158 887 sus
193 848 337 887 velex
369 847 528 899 regione
558 845 602 886 D
647 844 711 886 vel
752 844 789 884 E
828 844 1059 897 incipiatur,
1111 846 1257 899 quippe
1298 861 1395 902 quae

99 922 179 950 non
213 909 293 967 sunt
326 908 501 949 asterisco
535 917 700 949 notatae.
768 905 906 947 Cursus
935 916 1064 947 autem
1097 908 1150 948 ita
1192 909 1276 950 fieri
1317 924 1395 964 po-

101 973 192 1012 terit
211 968 1392 1026 EanBcFdAeFsCgAhCkaAmEnApBoEID

97 1036 166 1076 vbi
200 1036 301 1076 inter
332 1035 479 1076 litteras
513 1035 735 1075 maiusculas
767 1042 904 1087 pontes
936 1033 1045 1074 fimul
1065 1033 1288 1088 collocaui,
1323 1050 1394 1091 per

89 1111 191 1154 quos
223 1098 267 1139 fit
299 1100 486 1140 transitus.

209 1196 243 1245 §-
281 1198 351 1234 16.
384 1193 468 1233 Hac
500 1194 618 1246 igitur
647 1192 798 1232 ratione
830 1186 941 1229 facile
972 1190 1047 1230 erit
1078 1191 1117 1231 in
1146 1191 1232 1232 casu
1269 1205 1388 1246 quam

92 1258 273 1298 maxime
302 1257 523 1311 compofito
555 1256 750 1306 iudicare,
783 1262 916 1293 vtrum
951 1254 1124 1295 tranfitus
1159 1267 1229 1308 per
1246 1267 1388 1297 omnes

95 1331 235 1373 pontes
267 1320 386 1360 semel
419 1330 566 1360 tantum
602 1318 684 1358 fieti
717 1324 859 1369 queat,
892 1327 940 1355 an
975 1328 1067 1356 non.
1134 1317 1222 1357 Hoc
1253 1327 1386 1359 tamen

93 1382 220 1423 adhuc
253 1383 381 1422 multo
410 1382 625 1422 faciliorem
659 1380 809 1419 tradam
842 1378 1004 1418 modum
1034 1379 1136 1420 idem
1156 1381 1388 1433 dignoscen-

90 1446 157 1497 di,
199 1446 263 1499 qui
306 1457 357 1486 ex
399 1444 473 1485 hoc
516 1444 598 1498 ipso
640 1442 762 1483 modo
812 1453 891 1480 non
943 1440 1149 1483 difficulter
1197 1453 1384 1497 eruetur,

90 1509 295 1563 postquam
327 1509 517 1563 sequentes
547 1506 830 1547 obseruationes
871 1504 910 1543 in
943 1504 1120 1545 medium
1161 1506 1378 1559 protulero.

88 1572 224 1612 Primo
256 1582 386 1611 autem
419 1569 582 1610 obseruo
614 1579 753 1609 ornnes
784 1578 970 1607 numeros
1003 1568 1182 1619 pontium
1227 1568 1382 1621 fingulis

86 1635 224 1675 litteris
255 1635 319 1686 A,
342 1633 400 1685 B,
420 1631 454 1673 C
487 1632 695 1685 adscriptos
726 1630 836 1670 fimul
877 1628 1024 1670 sumtos
1055 1632 1176 1684 duplo
1210 1633 1382 1674 maiores

86 1695 164 1738 effe
199 1707 286 1738 toto
318 1698 501 1752 pontium
533 1707 712 1735 numero.
780 1693 905 1733 Huius
936 1693 994 1731 rei
1030 1694 1132 1734 ratio
1165 1695 1242 1747 est,
1273 1695 1379 1748 quod

85 1760 127 1800 in
159 1760 236 1801 hoc
270 1770 485 1814 computo,
519 1770 596 1813 quo
629 1766 770 1811 pontes
801 1766 941 1795 omnes
978 1755 1018 1794 in
1058 1757 1189 1797 datam
1243 1759 1377 1810 regio-

84 1835 174 1864 nem
209 1824 390 1864 ducentes
421 1831 696 1872 numerantur,
729 1818 887 1873 quilibet
919 1830 1016 1870 pons
1045 1819 1103 1859 bis
1119 1829 1373 1875 numeretur;

82 1886 244 1927 refertur
273 1887 380 1927 enim
414 1887 568 1940 quisque
602 1895 700 1938 pons
717 1884 765 1924 ad
787 1891 989 1934 vti-amque
1017 1883 1222 1935 regionem
1240 1913 1252 1935 ,
1285 1896 1374 1938 quas

80 1949 221 2004 iungit.

78 2106 186 2151 Tom.
220 2107 350 2151 VIII.
728 2101 756 2146 S
1236 2105 1269 2154 ξ.
1295 2113 1361 2153 17.
