1941 2674
566 120 659 158 4:34
884 95 1167 145 ORIGINES
1201 96 1501 145 RVSSICAE.

557 230 595 261 et
621 219 763 262 Korew
787 218 844 259 seu
864 215 1030 260 Chore-w
1044 248 1054 266 ,
1087 217 1254 258 sororem
1281 230 1412 257 eorum
1432 215 1553 259 Libed
1569 215 1615 256 ad
1633 207 1844 269 Borysthe-

558 297 669 323 nem:
709 285 833 323 multis
852 282 997 321 vrbibus
1016 291 1052 320 et
1068 281 1221 320 castellis
1241 282 1278 320 in
1297 281 1453 320 Polonia
1483 282 1690 332 occupatis,
1725 281 1843 322 Kium

558 347 757 386 condidisse
778 346 909 386 vrbem
938 345 1074 393 Kz'w,
1108 344 1178 383 effe
1204 345 1359 396 denique
1384 344 1430 382 de
1457 352 1632 395 tempore
1657 344 1847 384 diffensio-

558 422 674 457 nem,
698 409 840 449 exstare
860 418 985 448 tamen
1002 409 1060 459 qui
1080 407 1130 446 A.
1144 405 1189 446 C.
1203 419 1305 456 401.
1327 407 1519 445 conditam
1540 406 1650 447 ferat:
1671 404 1847 447 Sihcze-

557 473 643 514 kum
663 472 793 512 vrbem
816 473 851 511 in
873 481 1000 510 monte
1021 471 1171 522 poluisse
1187 474 1342 509 nomine
1360 467 1671 510 Schczekaviza:
1693 470 1845 511 tertium

557 536 752 576 Koreuum
770 566 780 583 ‚
819 535 952 575 vrbem
982 532 1261 582 Chorevizam,
1295 545 1387 585 quae
1415 534 1565 572 tandem
1594 533 1778 586 appellata
1804 534 1848 575 fit

559 595 811 651 ljsthgmwd,
845 598 1002 649 denique
1027 596 1147 637 Libed
1170 599 1335 635 sororem
1364 595 1496 634 vrbem
1526 595 1588 634 suo
1616 597 1770 636 nomine
1797 596 1847 636 ad

558 662 715 702 fluuium
735 662 868 701 itidem
879 660 1011 701 Libed.
1063 658 1126 698 De
1142 659 1360 699 succeffione
1381 657 1473 697 nihil
1490 659 1578 698 certi
1597 657 1849 711 definiuitSy-

557 724 717 778 nopseos
736 724 886 772 audior,
919 732 1175 776 praeterquam
1196 724 1294 774 quod
1314 721 1540 762 Stricouium
1569 723 1763 762 austorem
1792 723 1848 762 ci-

558 797 634 836 tat,
671 799 783 840 genus
808 799 942 826 eorum
971 798 1082 838 vsque
1109 786 1155 825 ad
1174 786 1380 825 Olcoldum
1401 795 1438 824 et
1456 784 1594 825 Dirum
1623 798 1699 825 non
1727 786 1849 826 inter—

558 860 665 904 rupta
695 851 780 889 serie
808 858 992 901 nepotum
1020 857 1265 901 propagatum
1294 848 1378 887 effe.
1446 847 1512 886 Vti
1540 847 1741 898 Strycouio
1767 858 1845 889 non

559 914 724 953 multum
753 911 909 950 tribuere
936 911 1080 949 videtur
1098 908 1310 962 Synopseos
1336 910 1487 958 meror,
1521 911 1570 950 ita
1595 910 1665 950 illis
1683 912 1846 965 adiungit

557 976 751 1017 Radinum
771 987 791 1013 a
810 985 886 1026 quo
904 973 1202 1014 Rademiczauus
1221 972 1394 1025 populus,
1415 971 1590 1012 Viatcum
1610 986 1630 1012 a
1650 986 1722 1026 quo
1731 972 1769 1011 V
1769 977 1845 1016 iat-

557 1039 668 1079 czam‘
689 1037 734 1077 ad
757 1036 922 1088 Volgam
937 1066 948 1085 ,
981 1034 1187 1088 Duliepam
1218 1048 1239 1075 a
1265 1048 1338 1088 quo
1366 1033 1579 1088 Duliepiani
1598 1036 1644 1074 ad
1664 1034 1843 1091 Bogum,

555 1102 692 1142 deinde
705 1099 869 1140 Luczzlni
889 1099 991 1138 dieii.
1030 1100 1191 1147 Mirum,
1213 1099 1249 1137 ni
1270 1098 1331 1138 hic
1350 1111 1495 1151 quoque
1509 1099 1674 1138 Polonici
1693 1100 1847 1153 scripto—

554 1177 612 1205 res
638 1163 773 1216 aliquid
803 1162 1048 1210 turbauerint,
1086 1170 1128 1200 vt
1147 1161 1303 1202 Kiouiae
1334 1171 1552 1214 perpetuam
1583 1163 1845 1214 pofl‘effionem

557 1228 788 1267 vindicarent
807 1224 950 1279 populo
967 1224 1049 1264 suo:
1082 1224 1236 1266 Rollicis
1253 1225 1390 1264 demde
1409 1224 1640 1278 scriptoribus
1658 1225 1846 1279 imposne-

557 1291 632 1331 rint
657 1289 879 1329 amstoritnte
906 1288 976 1326 sua.
1031 1287 1235 1327 Oscoldum
1255 1298 1292 1327 et
1310 1286 1448 1327 Dirum
1469 1300 1488 1327 e
1507 1288 1688 1328 Polonico
1712 1282 1846 1342 genere

559 1366 635 1393 non
653 1352 752 1392 fuiffe
766 1383 775 1401 ‚
809 1351 873 1391 vel
898 1351 1051 1390 nomina
1078 1360 1300 1403 argumento
1321 1353 1408 1390 sunt.
1476 1350 1540 1392 De
1559 1352 1845 1393 Rademiczanis

559 1416 795 1463 Viatczani5‚
835 1414 1066 1467 Duliepianis
1084 1415 1162 1454 dixi
1178 1414 1276 1454 alias.
1340 1414 1430 1454 Kius
1455 1414 1539 1464 ille,
1575 1427 1707 1455 vereor
1726 1429 1772 1456 ne
1793 1428 1845 1458 ex

559 1480 747 1520 Iornande
767 1479 807 1517 sit
826 1478 987 1517 adscitus.
1025 1477 1061 1517 Is
1086 1478 1187 1517 enim
1217 1479 1253 1516 in
1274 1473 1416 1517 Geticis
1443 1478 1560 1517 scribit
1579 1478 1637 1526 (k)
1652 1479 1697 1518 de
1714 1477 1843 1520 Cniva

559 1539 779 1583 Gothorum
802 1553 888 1593 rege
907 1541 948 1579 iis
965 1540 1084 1580 ferme
1105 1540 1260 1591 similia,
1295 1554 1387 1593 quae
1405 1542 1450 1581 de
1469 1541 1544 1581 Kio
1563 1541 1711 1581 Poloni.
1749 1541 1847 1583 Cni-

558 1618 649 1647 vam
668 1605 872 1651 exercitum
893 1604 930 1643 in
954 1604 1137 1643 Moesiam
1160 1603 1371 1651 immififfe,
1396 1604 1515 1657 ipsum
1536 1604 1845 1658 aliaseptuaginta

559 1669 678 1709 millia
698 1668 845 1707 snorum
865 1668 907 1706 ad
928 1666 1119 1720 Eustsjfimn
1146 1663 1361 1723 (Eoscefium
1383 1668 1417 1706 in
1440 1667 1695 1708 Ambrofiano
1713 1669 1844 1709 codice

560 1733 629 1780 est)
649 1732 683 1771 id
704 1732 755 1770 est
776 1730 906 1771 Nouas
926 1731 1065 1769 duxiffe
1084 1739 1122 1769 et
1140 1730 1225 1770 inde
1245 1730 1476 1783 Nicopolin:
1510 1730 1636 1771 Decio
1654 1729 1759 1786 Imp.
1775 1733 1844 1773 ad»

559 1804 735 1836 uentante
761 1793 935 1834 recessisse
956 1791 1118 1833 Cniuam
1148 1795 1183 1831 in
1204 1793 1460 1833 Haemoniam
1479 1802 1516 1833 et
1536 1792 1817 1848 Philippopolin
1830 1825 1842 1846 ,

559 1859 692 1905 rursm,
729 1866 767 1895 vt
785 1855 950 1896 Decium
971 1857 1015 1896 ad
1033 1855 1266 1896 Berrhoeam
1286 1857 1402 1896 adeffe
1420 1857 1618 1909 cognouit,
1653 1860 1791 1899 eodem
1809 1859 1844 1900 {e

559 1919 761 1966 contulisse,
782 1929 820 1959 et
837 1918 912 1958 fuso
933 1918 1127 1971 fugatoque
1147 1918 1272 1959 Decio
1291 1920 1423 1972 cepisse
1435 1920 1736 1973 Philippopolin:
1769 1922 1842 1962 ite-

559 1997 644 2026 rum
664 1983 796 2023 deinde
815 1983 987 2035 pugnasse
1008 1995 1094 2022 cum
1106 1981 1245 2032 Decio,
1258 1995 1350 2022 eoue
1363 1983 1402 2022 in
1416 1983 1556 2037 praelio
1565 1983 1843 2038 Imperatorem

1742 2060 1842 2088 ceci-

702 2125 755 2164 (k)
775 2134 803 2162 p.
826 2133 892 2155 201.
911 2134 934 2155 c.
950 2134 1059 2155 xvxu·
1078 2124 1120 2156 ed.
1138 2124 1241 2155 Mutat.
