1941 2674
209 97 759 142 RECTIFICATIONEM
792 93 1046 139 ELLIPSIS
1078 93 1311 156 REQVIR.
1366 102 1421 146 37

136 216 190 256 ob
224 216 372 257 caufiim
394 229 530 257 curuae
550 215 596 255 ab
622 214 780 255 infinitis
799 212 990 267 ellipfibus
1021 225 1129 254 arcus
1162 212 1338 266 aequales
1366 212 1437 253 ab—

135 279 341 319 scindentis
383 281 656 333 aequationem
690 280 846 318 iuuentu
891 275 1070 316 maxime
1111 276 1312 316 difficilem
1356 273 1433 315 effe

135 352 322 395 oportet,
356 355 405 381 eo
439 343 542 394 quod
577 342 696 381 etiam
730 337 904 380 concessa
941 339 1052 379 vnius
1081 339 1222 393 ellipsis
1239 338 1435 379 redtifica-

137 405 271 455 tione,
305 405 531 457 reliquarum
567 414 696 443 tamen
729 404 910 443 omnium
948 401 1178 441 rectificatio
1201 402 1247 442 ab
1268 402 1333 442 ista
1353 413 1434 441 non

138 468 318 519 pendeat.
385 467 542 506 Deinde
578 466 809 515 methodus,
844 477 915 517 qua
951 465 988 503 in
1022 463 1244 504 huiusmodi
1279 464 1441 517 proble-

139 531 254 569 matis
287 530 344 569 vti
382 529 530 578 solent,
563 529 615 567 ita
649 529 702 567 est
734 535 986 580 comparata,
1024 535 1069 565 vt
1103 536 1251 566 tautum
1274 528 1321 566 ad
1352 540 1440 566 cur-

136 602 201 631 uas
236 592 380 632 ssmiles
412 591 706 631 accommodari
739 589 874 642 possit,
913 600 988 641 pro
1030 589 1155 628 curuis
1196 588 1442 629 dissimilibus

135 664 266 695 autem
301 654 445 694 nullam
482 652 615 693 afferat
648 652 877 693 vtilitatem.

252 741 288 788 5.
329 759 369 796 3.
407 748 523 803 Quod
557 757 685 788 autem
721 745 820 786 mihi
855 746 1026 799 primum
1065 746 1171 786 viam
1206 746 1252 786 ad
1296 745 1433 787 huius-

133 809 246 850 modi
279 809 453 849 difficilia
488 811 732 863 problemata
764 811 974 861 patefecit,
1013 810 1066 849 est
1098 809 1306 862 praecipue
1344 810 1438 849 vni·-

131 870 285 910 uerialis
317 884 405 911 mea
440 873 549 912 series
582 872 796 913 summandi
830 872 1052 912 methodus.
1119 871 1201 912 Hac
1233 873 1339 913 enim
1369 873 1433 911 in-

131 942 246 973 uenta
280 933 404 973 statim
440 936 710 989 aequationem
747 934 1074 984 differentialem,
1117 935 1158 974 in
1196 948 1269 988 qua
1312 935 1432 975 inde-

131 997 363 1036 terminatae
397 999 508 1038 nullo
543 998 657 1051 ριιᾶο
677 1011 697 1037 a
728 997 762 1036 se
781 998 955 1037 inuicem
977 998 1144 1051 separari
1164 998 1336 1051 poffunt,
1356 1009 1434 1050 ope

125 1058 420 1099 testificationis
451 1062 643 1115 ellipfium
676 1059 916 1100 disfimilium
938 1061 1162 1113 construxi,
1199 1071 1310 1114 atque
1329 1072 1431 1112 pau-

127 1120 171 1161 lo
233 1121 289 1161 ost
321 1124 499 1164 maxime
542 1124 705 1175 agitatae
749 1124 990 1175 aequationis
1030 1123 1279 1165 Riccatianae
1328 1135 1429 1163 conr

127 1134 378 1225 strusstionem
413 1196 452 1226 et
484 1185 762 1226 resolutionem
794 1186 1099 1226 communicaui.

239 1281 282 1333 §-
317 1294 361 1331 4.
399 1281 651 1322 Postmodum
673 1288 831 1330 autem,
868 1291 958 1319 cum
979 1278 1075 1319 haec
1097 1290 1165 1331 per
1184 1277 1297 1318 series
1326 1291 1427 1332 ope*

131 1340 241 1380 randi
277 1344 486 1384 methodus
519 1344 637 1383 nimis
669 1341 832 1395 operosa
867 1352 906 1380 et
943 1354 1022 1380 non
1057 1341 1141 1380 stitis
1177 1343 1341 1394 genuina
1365 1343 1428 1381 vi-

130 1402 310 1458 deretur,
343 1406 381 1445 in
415 1407 532 1446 aliam
567 1406 688 1457 magis
721 1405 934 1444 naturalem
956 1404 1218 1455 methodum,
1253 1415 1290 1443 et
1314 1404 1430 1444 huius

131 1465 243 1505 modi
261 1469 539 1521 quaestionibus
559 1469 683 1520 magis
700 1468 1043 1507 accommodatam
1074 1467 1247 1519 inquifiui
1264 1479 1293 1520 ;«7
1312 1477 1428 1520 atque

133 1528 292 1570 tandem
327 1542 377 1570 ex
411 1542 511 1571 voto
545 1530 724 1582 obtinui,
754 1531 807 1570 ita
841 1540 886 1570 vt
917 1531 998 1569 eius
1028 1528 1221 1569 beneficio
1255 1541 1335 1568 non
1362 1529 1426 1569 so·

130 1588 214 1631 lum
249 1593 377 1645 priora
411 1593 682 1646 problemata,
716 1605 812 1646 quae
845 1593 1029 1632 serierum
1063 1604 1141 1644 ope
1174 1591 1426 1644 resolueram,

129 1651 192 1693 sed
224 1656 341 1695 etiam
375 1657 577 1696 innumera
610 1655 708 1706 alia,
740 1656 787 1694 ad
823 1668 920 1708 quae
953 1654 1148 1695 tractanda
1189 1654 1302 1694 series
1343 1667 1425 1694 non

128 1713 345 1769 sufficiunt,
371 1719 557 1772 perficere
597 1719 811 1771 potuerim.
877 1716 1118 1758 Methodum
1161 1717 1278 1758 etiam
1321 1716 1423 1758 hanc

131 1775 209 1818 fuse
241 1780 400 1833 exposui
432 1783 472 1822 in
503 1779 766 1821 differtatione
802 1781 851 1821 de
883 1780 1042 1821 infinitis
1083 1781 1207 1820 curuis
1246 1780 1422 1820 eiusdem

130 1843 284 1892 generis
316 1857 416 1884 anno
449 1843 703 1898 praecedente
738 1843 958 1897 proposita,
994 1844 1081 1896 quia
1115 1855 1212 1883 vero
1230 1854 1278 1882 ne
1297 1843 1416 1883 nimis

131 1902 250 1944 essem
285 1907 489 1959 prolixus,
524 1906 627 1946 nulla
658 1906 778 1947 adieci
814 1906 1023 1959 exempla,
1057 1917 1136 1945 non
1168 1905 1254 1946 satis
1294 1918 1418 1959 appa-

130 1977 214 2016 ret,
250 1982 364 2022 quam
400 1970 476 2010 late
509 1981 553 2008 ca
587 1978 739 2022 pateat,
771 1982 961 2024 quamque
992 1968 1171 2023 amplum
1203 1969 1303 2009 inre
1322 1981 1417 2009 ana-

117 2025 235 2080 lytica
266 2033 411 2086 aperiat
451 2043 653 2085 campum.
