1941 2674
517 93 632 140 Dan.
660 91 853 144 Bernoulli
878 90 1094 147 delegibus
1116 88 1332 143 quibusdam
1353 86 1604 139 Methanicis,
1635 100 1722 142 quas
1744 100 1814 130 na-

636 176 714 206 tura
741 155 952 205 constanter
978 157 1154 212 affeezat,
1172 148 1350 203 ¹nondum
1376 161 1584 215 descriptis,
1610 172 1816 216 earumque

636 237 699 280 vsu
713 235 1054 289 Hydrodynamico
1066 266 1077 285 ,
1097 247 1171 288 pro
1188 235 1467 276 determinanda
1486 234 1526 274 vi
1544 246 1661 274 venae
1679 247 1816 288 aqueae

639 304 770 351 contra
805 303 958 361 planum
993 305 1208 346 incurrentis
1239 305 1284 346 ab
1314 303 1550 354 austoribus‚
1605 305 1725 346 fallaci
1757 307 1817 346 in-

539 396 546 417 :
623 382 757 423 <ductis
785 379 1072 432 experimento,
1104 377 1192 417 falso
1217 377 1424 417 aestimata.
1458 376 1543 417 Pars
1571 374 1607 417 1.
1636 390 1673 431 p.
1697 390 1773 427 99.

527 475 708 521 Eiusdem
736 474 1012 517 Differtationis
1037 474 1084 514 de
1112 474 1250 526 legibus
1278 472 1512 514 Mechanicis
1542 475 1711 515 nondum
1747 476 1814 516 de-

641 548 780 602 scriptis
796 547 882 588 Pars
900 545 1012 586 altera
1025 575 1036 595 ‚
1057 546 1093 584 in
1113 557 1181 597 qua
1201 543 1328 596 legum
1347 543 1497 584 istarum
1517 545 1554 584 in
1573 546 1697 598 prima
1714 557 1819 600 parte

645 618 898 673 exposxtarum
919 614 999 656 vsus
1016 605 1361 667 hydrodyhamicus
1378 613 1594 655 ostenditur.
1622 629 1662 670 p.
1682 630 1696 657 1
1709 630 1727 656 1
1740 632 1762 669 3
1774 649 1785 660 .

527 712 670 761 Leonh.
708 710 848 754 Euleri
882 706 1034 750 Solutio
1066 708 1314 751 Problematis
1343 708 1390 749 ad
1424 704 1689 754 Geometn'am
1723 712 1821 757 Situs
1888 725 1890 727 ’

648 782 875 839 pertinentiS.
910 793 951 835 p.
983 784 1086 821 128.

527 878 709 925 Eiusdem
727 876 1032 917 Theorematum
1051 876 1283 929 quorundam
1302 877 1348 917 ad
1368 890 1545 921 numeros
1570 881 1716 935 primos
1737 882 1821 940 spe-
1843 922 1846 924 .

647 948 832 991 stantium
864 945 1167 989 Demonstratio.
1205 961 1243 1003 p.
1275 960 1378 1000 141.

531 1046 712 1092 Eiusdem
752 1044 961 1088 Methodus
1007 1045 1217 1088 Vniuersalis
1261 1047 1372 1089 series
1421 1047 1632 1095 summandi
1673 1055 1825 1099 vlterius

651 1129 843 1177 promota.
880 1133 920 1175 p.
960 1128 1069 1171 147.

532 1216 714 1265 Eiusdem
743 1212 952 1257 Curuarum
981 1214 1145 1257 maximi
1179 1216 1380 1260 minimiue
1405 1221 1635 1274 proprietate
1660 1226 1826 1280 gauden-

650 1288 748 1331 tium
779 1287 946 1329 inuentio
976 1299 1075 1330 noua
1105 1297 1144 1329 et
1175 1287 1300 1331 facilis.
1331 1304 1373 1345 p.
1405 1304 1512 1344 159.

1028 1486 1096 1535 ΙΝ
1131 1491 1333 1537 CLASSE

932 1590 1428 1655 PHYSICA.

541 1744 651 1790 Ioan.
671 1739 834 1787 Amman
860 1740 909 1783 de
936 1741 1093 1784 Ficubus
1117 1756 1140 1784 e
1166 1744 1320 1787 Trunco
1345 1747 1485 1791 arboris
1509 1754 1637 1796 enatis.
1666 1769 1707 1812 p.
1722 1771 1823 1812 ¹93·

541 1832 678 1892 Chrss,
708 1833 837 1886 WW
869 1835 917 1876 de
949 1835 1076 1877 Pomo
1105 1849 1157 1878 ex
1182 1839 1337 1882 Trunco
1367 1843 1510 1888 arboris
1540 1859 1656 1891 enato
1683 1853 1829 1898 Differ.

658 1908 775 1956 tatio,
807 1907 846 1948 in
877 1920 948 1960 qua
974 1908 1073 1948 varia
1106 1911 1294 1953 traduntur
1323 1915 1371 1956 ad
1402 1915 1589 1959 theoriam
1618 1927 1830 1978 vegetatio..

658 1977 714 2020 nis
740 1976 953 2033 plantarum
985 1979 1160 2035 apprime
1190 1983 1373 2028 fidentia.
1404 1999 1449 2043 p.
1481 2001 1501 2029 ,ι
1507 2000 1584 2040 97.

1713 2092 1826 2139 Ioan.
