1941 2674
431 47 616 92 NONDJ
624 48 693 90 ‘M
733 48 878 91 DESC
880 49 940 91 RI
944 49 1038 91 PTI
1040 48 1071 90 S
1075 80 1082 89 .
1324 65 1342 90 1
1356 66 1372 91 1
1382 63 1407 101 7

123 166 298 219 resteque
340 167 379 205 iu
414 166 570 218 planum
610 166 800 216 incidant,
836 165 896 206 sed
934 165 1047 218 plane
1085 178 1163 205 non
1197 166 1406 207 rcflcc'tau-

124 239 184 269 tur
217 242 393 281 tauquam
431 229 654 281 corpuscula
692 229 851 279 mollia,
892 238 980 268 tuuc
1009 230 1065 268 vis
1097 242 1276 281 aquarum
1299 232 1411 282 prio-

123 294 176 332 ris
212 294 256 333 sit
288 293 475 342 dimidia,
508 292 587 330 vid.
612 292 735 332 Priuc.
767 290 904 331 Math.
928 290 1027 332 Phil.
1050 293 1147 332 Nat.
1170 300 1263 346 pag.
1301 306 1408 342 301.

125 356 213 395 edit.
260 368 299 393 2.
358 355 423 393 vbi
475 364 605 393 tamen
647 366 705 393 res
744 354 860 406 longe
910 354 993 394 aliis
1035 355 1162 394 verbis
1203 355 1407 408 profertur.

124 420 252 471 Atque
285 430 373 457 cum
407 417 464 456 his
497 417 633 456 exacte
672 419 929 466 conueniunt,
968 429 1062 469 quae
1096 430 1172 470 ego
1217 431 1268 458 ex
1309 419 1412 471 legi·

125 481 192 520 bus
227 491 406 520 motuum
451 492 471 518 a
514 478 746 531 percussione
787 479 950 517 deducta
993 488 1104 530 atque
1146 481 1408 533 demonstrata

122 545 209 583 dedi
247 544 285 582 in
321 543 460 582 Comm.
485 541 591 581 Tom.
614 541 674 581 II.
699 548 740 594 p.
767 551 871 589 305-
898 547 934 580 et
949 536 1054 593 seqq.
1121 541 1268 582 Verum
1311 543 1408 584 haec

123 605 368 659 hypothesis.
407 617 478 656 qua
512 616 653 656 nempe
688 612 882 656 ponuntur
914 602 1124 654 particulae
1158 616 1295 644 omnes
1327 606 1410 645 im·-

121 670 290 709 mediate
322 678 360 707 et
393 666 534 706 directe
569 667 608 704 in
641 665 798 717 planum
839 665 1010 704 incidere
1052 678 1292 719 nequaquam
1337 667 1409 708 ad-

123 733 228 772 mitti
261 730 406 784 potest3
443 741 562 767 nemo
595 729 701 767 enim
735 728 932 779 concipiet
973 729 1173 780 quomodo
1214 730 1325 770 aliter
1366 731 1406 772 id

121 794 207 835 fieri
239 791 373 846 possit,
408 802 521 842 quam
553 790 579 830 fi
611 790 815 842 particulae
848 790 933 843 post
963 791 1171 843 impulsum
1205 791 1311 833 suum
1334 793 1410 833 sta-

120 858 192 896 tim
225 853 503 894 annihilentur.
573 852 631 892 Ea
668 853 783 904 igitur
824 852 960 892 relicta
993 852 1114 906 refugi
1156 855 1203 895 ad
1248 857 1409 909 experi-

119 927 297 960 mentum
310 924 354 970 p.
380 925 483 965 307.
506 916 645 956 Comm.
667 915 853 956 T0m.cz't.
875 915 1102 969 descriptum
1117 947 1129 968 ‚
1163 919 1269 958 cuius
1288 931 1409 958 euen-

118 990 174 1021 tus
205 980 236 1019 is
267 979 363 1030 fuit,
398 979 463 1032 qui
499 979 721 1032 plerumque
756 977 831 1018 effe
863 977 976 1018 solet:
1014 992 1104 1018 nam
1140 980 1240 1020 mihi
1273 982 1405 1021 videre

116 1042 212 1083 visus
245 1042 349 1092 sum,
384 1042 467 1081 vim
500 1054 682 1094 aquarum
717 1038 792 1079 effe
825 1041 961 1080 exacte
994 1042 1195 1094 aequalem
1238 1044 1409 1096 ponderi

116 1105 270 1158 &limis-i
303 1107 410 1158 aquei
441 1115 507 1143 non
537 1103 713 1154 correc‘i‘i,
749 1116 821 1156 qua
854 1104 893 1141 in
927 1116 967 1142 re
1000 1104 1086 1156 plus
1104 1118 1220 1157 quam
1246 1119 1315 1158 par
1349 1105 1406 1146 est

115 1169 387 1209 auctoritatem
422 1166 563 1206 secutus
599 1167 679 1206 sum
723 1165 1057 1219 praedecessorum
1100 1179 1300 1207 meorum:
1335 1169 1407 1208 de-

115 1232 256 1272 bebam
292 1232 426 1283 vtique
461 1231 776 1282 experimentum
809 1240 984 1281 repetere
1017 1228 1081 1268 sub
1113 1230 1267 1270 diuersis
1285 1229 1406 1270 facie-

117 1294 211 1344 bus,
245 1294 350 1345 quod
381 1293 408 1332 si
441 1290 637 1339 feciffem,
674 1291 759 1330 fieri
793 1304 871 1330 nou
908 1290 1116 1344 potuiffet,
1150 1293 1243 1345 quin
1262 1292 1406 1335 diuersa

119 1353 340 1408 reperissem
374 1354 491 1393 relata
524 1355 570 1393 ad
613 1354 784 1406 pondera
823 1352 1063 1404 cylindrorum
1104 1366 1298 1408 aqueorum
1338 1368 1405 1397 non

117 1418 376 1460 correcJormn:
409 1415 663 1456 conformitas
694 1417 800 1455 enim
834 1417 872 1454 iu
914 1417 1276 1469 experimentorum
1320 1420 1408 1459 suc-

117 1481 273 1522 cess‘r'nus
309 1479 543 1532 expedhuda
577 1491 657 1519 non
689 1478 765 1528 est,
801 1478 869 1518 nisi
905 1478 1058 1530 cylindri
1089 1483 1195 1533 aquei
1228 1481 1407 1522 confide-

119 1555 250 1585 rentur
280 1542 456 1591 com-effi,
489 1554 584 1594 quae
615 1553 675 1580 res
706 1553 758 1580 ex
792 1539 826 1580 se
870 1541 1038 1582 nimium
1083 1538 1280 1584 manifesta
1322 1545 1404 1593 est,

118 1620 234 1661 quam
267 1616 311 1645 vt
342 1604 453 1658 possit
487 1617 582 1644 vuus
615 1617 685 1655 pro
725 1603 848 1643 altero
891 1604 1052 1656 perinde
1093 1604 1256 1656 haberi,
1301 1609 1404 1659 quod

119 1671 252 1722 animo
286 1667 522 1721 perpendens
553 1665 657 1706 ausus
693 1664 747 1705 fui
782 1664 1032 1718 senteutiam,
1073 1668 1119 1707 ab
1156 1669 1341 1709 omnibus
1380 1684 1403 1711 a

119 1733 317 1787 plusquam
355 1734 384 1768 6
389 1740 409 1778 5
454 1730 562 1769 aunis
606 1738 830 1781 receptam,
870 1729 993 1769 rursus
1032 1729 1203 1770 deserere
1244 1741 1405 1786 tumque

119 1803 388 1848 argumentum
423 1793 468 1832 de
502 1804 608 1832 nouo
640 1791 841 1834 ruminari.
906 1791 1087 1845 Cogitata
1121 1805 1211 1834 mea
1244 1794 1309 1834 hic
1343 1796 1405 1835 af-

116 1872 263 1916 feram,
305 1866 478 1918 primum
511 1864 666 1917 quidem
699 1862 866 1902 dieturus
898 1861 948 1902 de
988 1873 1087 1901 vena
1131 1873 1274 1914 aquea,
1307 1875 1404 1915 quae

114 1941 157 1982 in
190 1938 348 1992 planum
382 1935 548 1987 directe,
582 1945 665 1975 tum
704 1935 821 1974 etiam
856 1935 903 1974 de
937 1946 1005 1986 ea,
1039 1944 1134 1986 quae
1164 1933 1322 1987 oblique
1342 1934 1405 1974 in-

687 2006 716 2047 P
748 2019 770 2057 3
1267 2006 1401 2058 currit,
