1941 2674
531 95 588 142 4³
780 88 835 129 M
839 86 955 129 ETH
959 88 1057 129 ODJ
1067 86 1111 127 'S
1144 85 1326 128 COMPJ
1334 86 1534 127 ''IHNDI

650 282 1115 341 METHODVS
1152 281 1711 340 columam-i

541 393 1270 490 AEQVATIONEM
1377 397 1822 478 Mfflifflffi

1067 534 1304 570 AVCTORE

952 599 1153 665 ,Leozzlm
1190 600 1408 663 Eidem„

1133 749 1169 797 ξ.
1212 767 1229 793 1
1240 784 1249 794 .

357 882 466 916 'rabula
486 881 538 913 lv,
556 827 762 1003 AD
798 868 936 898 verum
967 857 1149 898 meridiei
1170 866 1322 910 tempus
1343 857 1616 898 inuenieudum
1647 859 1746 898 inter
1764 858 1840 898 alia

752 921 984 962 Astronomi
1020 922 1079 960 vti
1112 920 1233 959 solent
1266 921 1365 960 ¹uinis
1399 920 1722 960 obieruationibus
1771 934 1839 960 ae-

752 983 924 1038 qualium
957 983 1046 1023 solis
1077 984 1348 1035 altitudinum,
1392 997 1552 1035 quarum
1595 985 1712 1023 altera
1754 993 1841 1023 ante

556 1047 678 1088 altera
711 1047 795 1100 post
830 1047 1037 1086 meridiem
1079 1046 1163 1086 sunt
1204 1047 1337 1090 sanitae.
1404 1047 1471 1087 Ex
1510 1046 1735 1086 huiusmodi
1768 1046 1843 1086 ob.-

555 1110 834 1151 seruationibus
865 1109 975 1150 facile
1007 1110 1163 1162 quidem
1199 1111 1350 1150 videtur
1371 1122 1509 1149 verum
1531 1109 1709 1149 meridiei
1738 1119 1843 1149 tem—

556 1186 627 1228 pus
647 1172 825 1225 cognosci
844 1172 1031 1213 sumendo
1050 1181 1201 1225 tempus
1222 1173 1396 1212 medium
1416 1173 1515 1211 inter
1534 1182 1730 1225 tempora,
1755 1173 1845 1225 qui-

560 1236 630 1276 bus
648 1236 735 1276 illae
754 1234 1040 1275 obseruationes
1058 1235 1128 1274 {int
1147 1235 1283 1288 fadi-ae·⁷
1305 1236 1635 1288 quemadmodum
1656 1235 1732 1274 hoc
1753 1247 1848 1274 mo-

562 1300 614 1340 do
632 1307 787 1352 tempus
803 1297 1092 1338 culminationis
1112 1298 1238 1337 stellae
1256 1297 1359 1337 fixae
1380 1310 1430 1338 ex
1449 1298 1548 1337 binis
1567 1297 1848 1337 obseruationi-

563 1362 632 1403 bus
650 1361 867 1415 aequalium
888 1360 1134 1400 altitudinum
1156 1360 1259 1401 reete
1276 1361 1530 1401 concluditur.
1566 1358 1644 1400 Sed
1664 1361 1720 1410 id,
1741 1360 1851 1413 quod

564 1425 606 1465 in
638 1424 744 1464 stella
762 1424 842 1464 fixa
875 1422 975 1463 hanc
1007 1422 1290 1463 conclusionem
1310 1423 1529 1476 legitimam
1548 1424 1691 1475 reddit,
1710 1423 1749 1462 in
1768 1422 1849 1469 sole

564 1488 698 1528 locum
730 1500 810 1528 non
848 1486 984 1537 habet,
1028 1487 1167 1539 quippe
1212 1487 1278 1539 qui
1316 1495 1507 1539 perpetuo
1546 1486 1851 1527 declinationem

567 1558 706 1591 mutat.
773 1548 817 1591 Si
848 1550 954 1588 enim
989 1549 1068 1600 sol,
1106 1550 1163 1588 vti
1197 1549 1299 1590 stella
1333 1548 1437 1598 fixa,
1473 1547 1624 1600 semper
1641 1550 1680 1588 in
1708 1549 1852 1588 eodem

569 1613 716 1653 circulo
749 1612 935 1666 parallelo
967 1611 1201 1664 versaretur,
1233 1622 1386 1664 tempus
1418 1611 1591 1650 medium
1633 1611 1732 1650 inter
1764 1611 1854 1651 duas

569 1676 654 1716 illas
685 1675 970 1715 obseruationes
1001 1686 1139 1714 verum
1172 1675 1267 1715 effet
1297 1684 1450 1727 tempus
1480 1674 1686 1725 meridiei,
1730 1685 1853 1727 neque

569 1739 648 1779 vlla
674 1738 926 1779 rcorrefflone
959 1749 1057 1790 opus
1085 1736 1329 1778 haberemus.

688 1865 721 1913 §.
761 1876 799 1902 2.
840 1861 945 1903 Cum
978 1872 1107 1904 autem
1139 1861 1195 1902 sol
1227 1863 1413 1904 continuo
1454 1874 1505 1904 ex
1548 1864 1626 1904 alio
1670 1863 1855 1919 parallelo

571 1926 612 1964 in
644 1925 763 1965 alium
798 1927 1087 1979 progrediatur,
1123 1924 1231 1966 facile
1266 1926 1488 1980 perspicitur
1507 1937 1660 1981 tempus
1679 1929 1855 1970 medium

575 1988 674 2030 inter
707 1989 786 2030 duo
818 1999 1022 2044 tempora,
1055 1990 1190 2044 quibus
1221 1991 1399 2045 aequales
1429 1990 1518 2032 solis
1543 1991 1759 2032 altitudines
1777 1990 1862 2033 sunt

1725 2052 1856 2097 obser-
