1941 2674
395 60 743 106 PLANTfflJ'M
777 60 1023 105 GENERA.
1286 73 1371 113 217

205 179 283 219 An‘
305 179 499 235 sequentes
529 180 683 234 plantae
717 181 873 234 proprie
907 179 952 219 ad
987 178 1064 219 hoc
1099 189 1218 230 genus
1251 177 1375 231 perti-

87 251 227 291 neunt,
263 245 307 283 iis
340 245 675 284 determinandum
711 245 980 296 relinquimus,
1023 241 1157 293 quibus
1191 253 1253 281 eas
1296 241 1375 282 flo-

86 316 211 344 rentes
240 317 279 346 et
309 307 446 347 fruetus
478 306 639 347 ferentes
675 308 803 346 videte
839 307 1052 357 continget.

209 413 245 439 1.
287 400 405 439 Alcen
449 401 563 440 :nbor
606 401 799 452 populnea
841 399 997 448 fronde,
1048 408 1128 438 tota
1165 409 1371 451 argentea,

85 462 473 515 quinquecnpliiltii5,
512 465 584 503 siue
616 463 770 502 Ebc-nus
804 462 934 501 viridis
964 474 1016 500 ex
1051 461 1172 501 Insula
1204 462 1259 502 St.
1292 462 1375 501 He-

85 525 218 573 lenae,
256 527 319 564 vbi
356 526 402 564 ab
434 526 572 577 Anglis
606 525 795 576 indigenis
828 523 1030 563 Blakwood
1065 535 1104 563 ct
1147 525 1294 576 Ebotgy,
1336 525 1373 565 id

83 586 162 636 est,
195 587 343 638 lignum
390 589 543 639 nigrum
588 598 627 627 et
667 588 823 627 Ebenus
874 588 1175 638 cognominatur
1223 588 1370 629 Pluken.

84 649 220 689 Mant.
250 657 290 702 p.
333 653 375 688 6.
410 651 508 690 Ίάὑ.
534 663 639 699 333.

201 755 241 780 2.
280 742 398 782 Alcen
431 743 591 782 arborea
626 741 761 794 populi
794 741 925 792 nigrae
958 739 1064 780 foliis
1102 753 1223 794 prona
1264 751 1373 796 parte

79 803 356 855 albicantibus,
389 805 487 845 flore
520 804 755 857 amplissimo
788 803 1027 855 rubicunde,
1062 816 1114 843 ex
1149 803 1272 845 Insula
1308 806 1368 846 St.

81 867 280 918 Helenae,
312 868 378 907 vbi
414 868 620 918 Reda-0052,
655 868 694 907 id
729 867 803 919 est,
837 866 988 918 lignum
1029 867 1186 908 rubrum
1230 870 1373 923 Anglis

80 941 332 985 nuncupatur.
403 931 533 972 Eiusd.
568 931 616 972 ib.
657 946 662 951 ·

195 1023 242 1064 In
274 1025 545 1078 speciminibus
578 1024 662 1078 ipsis
697 1023 988 1076 Plukoenetianis,
1028 1038 1124 1079 quae
1158 1040 1258 1067 nnnc
1291 1026 1371 1068 ser-

78 1096 215 1127 uantur
249 1089 285 1127 in
320 1088 477 1129 Musaeo
510 1088 572 1128 Ill.
611 1088 760 1141 Equitis
793 1087 1077 1139 HansSloane,
1114 1090 1254 1130 fruetus
1272 1091 1370 1131 dua-

78 1161 166 1190 rum
200 1150 336 1191 harum
367 1153 608 1204 plantarum,
641 1163 731 1190 cum
764 1150 946 1190 fiuctibus
978 1151 1086 1191 huius
1117 1154 1268 1204 generis
1295 1165 1369 1194 ex-

79 1212 164 1252 aste
203 1215 436 1255 conueniunt
480 1215 687 1264 structura,
728 1214 854 1253 multo
899 1226 994 1253 vero
1035 1216 1208 1257 minores
1257 1216 1366 1270 sunt,

80 1277 348 1329 magnitudine
379 1279 450 1318 vix
485 1290 621 1318 nucem
655 1276 1136 1329 Auellanamaequantes.

199 1384 241 1420 3.
283 1371 407 1413 Alcea
456 1373 686 1422 Floridana,
746 1371 1138 1425 quinquecnpsnlaris,
1186 1372 1366 1413 Laurinis

78 1431 184 1473 foliis
214 1434 351 1475 leuiter
382 1437 568 1485 crenatis,
600 1435 801 1475 seminibus
843 1435 1100 1475 coniferarum
1136 1437 1252 1476 instar
1283 1436 1367 1476 ala-

79 1496 128 1535 tis
161 1495 433 1552 Pluk.Al1nag.
458 1506 501 1553 p.
524 1509 564 1546 7.
598 1498 685 1540 Tab.
712 1512 733 1548 3
745 1509 824 1549 52,
859 1509 898 1538 ct
930 1498 1092 1550 Catesby
1124 1499 1222 1556 H1st.
1260 1501 1360 1541 Nat.

76 1558 248 1600 Carolin.
280 1567 317 1602 et
346 1561 489 1603 Florid.
525 1563 624 1603 Tab.
659 1576 732 1612 44.
764 1569 806 1615 p.
843 1576 917 1612 44.

195 1670 238 1706 4.
271 1654 337 1697 Est
370 1656 468 1697 mihi
501 1668 648 1710 quoque
680 1655 820 1696 smnus
852 1655 1012 1695 Arboris
1042 1655 1088 1695 ad
1131 1654 1209 1695 hoc
1244 1667 1362 1708 genus

74 1716 174 1758 forte
210 1721 460 1773 pertinentis,
496 1732 613 1773 quem
647 1731 801 1759 mecum
821 1719 1128 1758 communicauit
1143 1718 1361 1772 G Houston

75 1779 254 1822 Medicus
289 1791 329 1822 et
358 1781 567 1823 Botanicus
595 1781 862 1835 peritissimus,
898 1782 962 1834 qui
1001 1794 1092 1821 eum
1133 1782 1234 1822 circa
1279 1782 1362 1822 Ve-

72 1856 159 1884 ram
190 1842 359 1885 Crucem
394 1847 433 1885 in
467 1846 585 1887 Nou-,1
618 1844 801 1897 Hispania
822 1844 880 1884 'ad
924 1844 1030 1884 littus
1069 1843 1182 1884 Sinus
1223 1845 1362 1885 Mexi-

72 1909 159 1947 cani
178 1907 286 1948 sitam
309 1909 444 1950 vrbem
468 1909 641 1961 collegit.
709 1908 783 1948 Hic
826 1920 847 1947 a
890 1907 1039 1961 primae
1072 1906 1180 1947 huius
1211 1908 1362 1960 generis

70 1968 209 2023 speciei
229 1971 351 2012 fructu
375 1984 454 2013 non
472 1973 581 2014 aliter
600 1971 752 2022 differt,
786 1984 901 2024 quam
922 1971 1026 2024 quod
1045 1970 1088 2011 sit
1105 1980 1358 2026 pentagonus.

69 2064 175 2108 Tom.
213 2067 346 2111 VIII.
720 2064 790 2107 Ee
1256 2065 1359 2107 Ρω-
