1941 2674
517 105 608 146 354
892 86 979 129 DE
1013 81 1183 129 NVMO
1215 81 1416 128 MVSEr

504 216 584 247 tum
617 204 839 245 excellentes
871 202 976 242 vrbes
1007 211 1045 241 et
1070 201 1257 241 Persarum
1292 200 1428 240 viribus
1461 200 1682 240 metuendae
1708 201 1788 242 Ni·-

504 269 585 310 sibis
618 278 724 320 atque
758 266 904 307 Edessa.
983 264 1027 303 In
1062 261 1295 316 Geograplio
1330 265 1546 304 Rauennate
1568 292 1578 311 ,
1630 265 1690 315 qui
1721 266 1790 304 ino

505 332 573 372 fuit
606 331 816 383 posterior,
868 336 998 380 vtpote
1031 329 1069 366 in
1105 340 1182 366 vno
1214 327 1387 366 omnium
1411 356 1420 374 ,
1472 334 1655 378 quotquot
1685 330 1789 376 iunt‚

507 392 782 446 corruptissimo
814 392 1015 443 scriptore,
1051 390 1173 442 potest
1206 390 1315 428 alicui
1349 387 1522 430 Amaude
1554 390 1613 432 (x)
1646 387 1791 430 Amida

505 457 646 506 videri,
681 466 907 508 quamquam
941 452 1122 494 Manuicr.
1156 452 1395 491 Vrbinatenie
1431 451 1493 491 hic
1523 452 1693 491 Amande
1725 454 1789 505 (y)

504 519 638 568 habet,
675 518 774 571 quod
806 517 853 557 ab
884 516 946 555 illa
983 528 1076 554 voce
1107 514 1293 555 abhorret.
1361 515 1389 554 F
1393 511 1485 553 orte‘
1505 515 1609 553 huius
1635 516 1790 556 Rauen-

501 583 593 622 natis
626 581 831 621 auetoribus
865 575 1028 634 Αμὲδις
1062 578 1132 618 siue
1166 574 1336 632 Αμῶδις
1383 590 1434 617 ex
1467 577 1654 630 Procopio
1689 575 1790 617 Cae-

501 644 644 685 sariensi
674 644 823 697 cognita
854 642 938 691 suit,
972 642 1018 681 de
1050 653 1125 694 quo
1157 641 1310 681 castello
1337 640 1520 681 Henricns
1548 640 1709 682 Valesius
1740 641 1791 682 ad

503 708 758 748 Ammianum
778 705 1040 746 Marcellinum
1057 735 1068 754 ‚
1095 705 1193 757 quod
1221 705 1299 744 satis
1324 704 1387 754 fit,
1417 704 1512 743 dixit
1531 705 1604 751 (z).
1671 703 1789 744 Fuisse

503 780 629 811 autem
660 779 743 809 ante
770 767 1025 809 Constantium
1051 766 1152 819 Imp.
1182 767 1390 817 Amidam,
1431 767 1657 806 Ammianus
1693 767 1791 806 testis

502 834 555 873 est
588 834 750 873 idoneus.
818 830 955 884 Neque
982 831 1078 870 adeo
1106 831 1246 879 miror,
1284 839 1367 869 ante
1394 829 1502 868 illum
1531 828 1602 869 fere
1632 829 1787 881 scripto-

502 908 585 936 rem
627 896 863 934 mentionem
904 893 1071 933 Amidae
1111 905 1132 932 a
1175 892 1278 931 nullo
1318 893 1388 932 effe
1428 891 1578 933 fastam.
1673 892 1787 933 Nam

502 959 679 998 omnium
702 957 848 996 vrbium
876 955 921 994 ad
947 955 1142 1006 Tigridem
1170 954 1319 994 sitarum
1349 964 1450 994 vetus
1473 955 1571 993 fama
1598 955 1658 995 sub
1684 965 1788 995 tantass·

501 1020 605 1059 clade
637 1028 810 1059 veterum
843 1025 1181 1057 monumentorum
1217 1026 1254 1055 et
1289 1017 1389 1056 ruina
1420 1016 1580 1069 sepulta,
1613 1028 1675 1058 aut
1706 1019 1788 1058 (ub-

501 1081 649 1122 obscura
683 1082 755 1129 est,
788 1089 850 1120 aut
883 1080 994 1119 nulla.
1063 1079 1146 1118 Huc
1181 1079 1344 1128 accedit,
1377 1080 1476 1132 quod
1505 1079 1610 1118 vrbes
1635 1081 1673 1119 in
1696 1080 1788 1121 Me-

499 1144 708 1197 sopotamia
749 1152 903 1196 propter
936 1152 974 1182 et
1008 1142 1266 1194 indigenarum
1305 1150 1345 1180 et
1375 1142 1599 1181 colonorum
1635 1144 1788 1186 diuerfi-

501 1217 618 1247 tatem
653 1207 769 1246 multa
802 1206 959 1245 habuere
994 1205 1149 1244 nomina
1170 1214 1197 1253 ,·
1222 1205 1328 1244 aliter
1360 1217 1421 1244 eas
1453 1202 1606 1244 Graecis
1625 1237 1635 1255 ,
1677 1206 1789 1247 aliter

501 1269 623 1320 Syris,
655 1269 860 1317 Arabibns-,
896 1268 1028 1313 Persis,
1063 1268 1167 1307 aliter
1192 1268 1348 1319 deniqne
1369 1268 1546 1308 Armenis
1573 1281 1788 1322 nuncupan-

502 1333 593 1372 tibus
611 1359 621 1379 ‚
671 1344 720 1370 ex
750 1332 877 1383 quibus
910 1330 1124 1370 nominibus
1155 1330 1224 1370 alia
1256 1330 1336 1370 aliis
1366 1331 1598 1384 temporibus
1628 1331 1785 1385 scripto-

499 1396 640 1435 ribusue
673 1395 896 1447 insignitiora
931 1394 1086 1433 fuerunt.
1163 1391 1302 1437 Amida
1334 1395 1458 1447 vtique
1494 1394 1698 1435 Arabicum
1731 1397 1789 1436 est

499 1496 569 1532 omi
607 1487 739 1535 Amal,
781 1484 867 1528 Onu
896 1499 919 1526 a
939 1518 950 1536 ‚
987 1493 1033 1527 vt
1062 1488 1169 1527 nauis
1199 1488 1375 1528 oneraria
1395 1519 1405 1537 ‚
1447 1500 1542 1542 quae
1566 1487 1678 1543 plena
1713 1492 1786 1547 cst,

499 1552 571 1591 dici
603 1550 695 1590 solet
728 1555 809 1600 (a).
875 1549 977 1589 Inter
1010 1548 1124 1600 Syros
1150 1547 1352 1603 Gregorius
1379 1549 1453 1590 Par
1478 1551 1666 1592 Hebraeus
1691 1554 1784 1595 Ma-

495 1614 650 1653 latiensis
682 1614 797 1653 etiam
818 1611 941 1654 Amici
969 1613 1104 1665 scripsit
1134 1613 1200 1664 (b).
1267 1611 1391 1653 Ceteri
1416 1612 1521 1664 Syri,
1558 1625 1599 1655 vt
1624 1615 1783 1668 Diony-

495 1677 562 1718 sius
595 1676 805 1716 patriarcha
839 1679 908 1725 (c)
931 1706 941 1725 ,
992 1673 1177 1729 Georgius
1212 1674 1338 1716 Iacobi
1372 1675 1598 1729 Sarugienfis
1627 1680 1784 1733 discipu..

498 1740 550 1779 lus
575 1739 653 1789 (d),
691 1737 907 1779 Chronicon
936 1738 1163 1779 Edeffenum
1192 1743 1269 1789 (e),
1303 1740 1450 1780 Faustus
1477 1739 1664 1781 Naironus
1689 1743 1782 1784 Ma·-

497 1802 618 1842 ronita
645 1802 734 1856 (f),
767 1799 896 1842 Amed
921 1803 1176 1854 pronunciant.
1241 1802 1385 1843 Arabes
1415 1815 1560 1857 quoque
1591 1803 1717 1846 Amed
1742 1816 1782 1847 et

1658 1867 1789 1910 Emed

504 1975 507 1977 ,
635 1949 694 1986 (x)
716 1958 744 1985 p.
758 1956 803 1984 70,
826 1947 867 1978 ed,
885 1947 1066 1978 Porcheronis,
1141 1948 1198 1985 (y)
1219 1958 1246 1986 p.
1268 1957 1295 1985 ς,
1314 1949 1357 1977 ed.
1378 1949 1502 1977 Hudson.
1580 1948 1637 1983 (z)
1658 1958 1676 1986 p
1707 1959 1782 1989 154-

497 1990 538 2018 ed.
559 1989 645 2018 Gron.
724 1989 778 2025 (a)
806 1989 906 2016 Golius
936 1989 964 2015 in
989 1989 1094 2018 Lexico
1117 1997 1143 2025 p.
1167 1997 1228 2025 155.
1256 1990 1397 2018 Antonius
1419 1989 1556 2025 Giggacus
1577 1996 1604 2017 et
1625 1989 1776 2027 Mesgnien

497 2029 651 2067 Meninsky
667 2030 714 2057 hac
732 2038 800 2057 voce
818 2029 1009 2059 destituuntur.
1053 2030 1105 2061 (b)
1132 2030 1163 2056 1η
1182 2029 1294 2058 Asmani
1311 2030 1478 2058 Bibliotheca
1499 2029 1627 2057 vaticana
1645 2031 1773 2060 Tomfl.

499 2079 527 2105 p.
541 2078 606 2102 322.
669 2070 720 2103 (c)
745 2070 783 2096 Ib.
803 2071 888 2105 1148.
955 2069 1011 2105 (ἀ)
1035 2069 1071 2096 lb.
1087 2069 1167 2096 Tam.
1190 2070 1209 2095 Ι.
1228 2079 1252 2106 p.
1269 2072 1334 2100 288.
1405 2070 1456 2105 (e)
1479 2070 1613 2099 leom.
1631 2072 1650 2098 1.
1665 2080 1684 2109 p
1706 2080 1778 2112 395.

500 2108 560 2146 (j)
580 2111 613 2137 ln
633 2109 756 2146 Euoplia
780 2108 843 2137 fidei
864 2118 892 2146 p.
911 2108 958 2145 46.
979 2116 1008 2136 et
1028 2109 1059 2136 in
1080 2108 1263 2139 differtatIOne
1283 2111 1316 2140 de
1337 2110 1487 2141 Maronitis
1508 2119 1536 2149 p.
1555 2119 1601 2150 49,
