1941 2674
545 90 634 128 204
1025 74 1104 115 DE
1135 71 1309 117 POMO·

653 190 771 232 Nihil
804 190 843 230 in
876 188 938 230 his
969 189 1165 244 suppono,
1195 189 1296 244 quod
1333 187 1506 240 protritis
1540 188 1597 229 rei
1637 187 1825 231 hortensis-

537 267 746 310 gnatorum
764 253 1090 293 obseruationibus
1118 266 1197 294 non
1216 251 1480 291 confirmetur.
1550 252 1693 305 Ecquis
1711 254 1819 292 enim

538 319 591 358 est
623 318 685 370 qui
717 316 858 368 nescit,
893 316 1098 367 amputatis
1132 317 1312 356 arborum
1344 316 1486 366 ramis,
1531 324 1735 368 antequam
1777 316 1818 354 in

536 380 692 420 frondes
721 379 857 418 abeant
888 390 1086 430 gemmae,
1120 390 1172 417 ex
1203 379 1344 416 truncis
1374 377 1497 417 laetos
1527 376 1820 430 progerminare

543 440 732 483 surculos?
764 441 898 482 Immo
931 441 1036 480 idem
1069 453 1159 480 vere
1191 441 1397 492 praeterito
1417 439 1609 480 obseruaui
1630 442 1668 480 in
1689 439 1820 479 Lauro

540 505 669 545 ceraso
682 535 694 556 ,
715 517 809 557 quae
831 516 901 557 per
919 503 1093 543 hiemem
1115 503 1287 556 neglecta
1308 503 1400 542 tolia
1420 502 1641 556 deposuerat
1660 503 1793 542 omnia
1806 532 1819 553 ‚

537 578 583 609 vt
624 569 862 608 nutrimento
902 568 943 605 in
984 576 1118 605 trunco
1160 566 1352 618 praesente
1394 567 1506 606 omni
1549 578 1627 605 non
1667 565 1824 605 haberet

540 644 663 684 opus,
697 644 739 670 ac
772 630 864 670 alias
896 629 1038 682 saepius
1070 629 1192 669 simile
1236 629 1324 681 quid
1366 641 1431 668 me
1472 626 1604 668 vidisse
1654 627 1822 668 memini

541 703 653 745 atque
687 694 726 732 in
758 693 893 745 vulgus
927 702 1062 731 notum
1106 689 1180 730 effe
1225 692 1421 730 existimo.
1491 691 1579 732 Nec
1622 691 1676 730 est
1720 690 1822 743 quod

542 757 738 809 excipiam,
770 756 887 795 ramis
919 755 1175 808 praesentibus
1207 767 1248 793 ac
1282 755 1322 793 in
1361 755 1494 805 vigore
1524 753 1734 793 constitutis
1753 753 1824 792 ad.-

538 819 628 859 uehi
660 831 750 858 cum
785 818 894 858 succo
927 818 1085 857 nutritio
1105 817 1169 857 ista
1189 816 1424 857 surculorum
1445 817 1691 866 rudimenta,
1725 827 1822 868 quae

537 881 579 921 in
611 891 753 921 trunco
786 880 1041 934 explicantur.
1106 878 1267 919 Constat
1299 880 1432 930 enim,
1472 879 1497 919 fi
1540 888 1692 918 truncus
1731 891 1823 918 cum

541 945 660 985 ramis
692 956 771 982 non
804 944 850 983 sit
881 944 1052 982 eiusdem
1084 942 1248 994 speciei,
1282 943 1615 993 quemadmodum
1648 942 1726 981 iam
1763 941 1825 981 su-

538 1019 607 1059 pra
640 1006 798 1056 notaui,
833 1005 898 1058 qui
931 1017 981 1044 ex
1023 1015 1157 1043 trunco
1198 1004 1472 1055 protruduntur
1517 1004 1650 1043 surculi
1691 1018 1712 1044 a
1760 1017 1825 1044 ra:-

536 1081 696 1109 morum
730 1067 851 1120 specie
885 1067 1002 1107 abire.
1072 1067 1224 1107 Eorum
1257 1069 1385 1118 itaque
1417 1066 1633 1105 rudimenta
1660 1066 1826 1106 substan.-

540 1133 618 1171 tiae
651 1131 855 1171 medullari
887 1130 1011 1170 trunci
1043 1129 1158 1169 ineffe
1188 1128 1352 1178 debent,
1390 1141 1479 1168 cum
1515 1129 1644 1168 eidem
1665 1129 1830 1168 substan-

543 1195 619 1234 tiae
654 1195 697 1233 in
730 1195 848 1233 ramis
880 1193 991 1232 insint
1024 1192 1112 1232 alia.
1180 1191 1320 1244 Neque
1356 1193 1455 1232 adeo
1490 1192 1562 1231 alia
1596 1190 1670 1230 effe
1697 1192 1826 1245 potest

542 1257 678 1307 causti,
707 1257 812 1310 quod
847 1256 1040 1296 ordinarie
1073 1255 1111 1295 in
1148 1255 1283 1295 statum
1318 1255 1553 1294 euolutionis
1593 1267 1671 1294 non
1704 1265 1828 1294 trans-

542 1320 732 1369 ferantur,
766 1332 880 1372 quam
914 1320 1016 1371 quod
1048 1317 1174 1357 succus
1205 1319 1397 1367 nutritius,
1432 1331 1507 1370 quo
1530 1316 1827 1358 adsubeundam

543 1383 643 1425 hane
675 1383 934 1423 mutationem
967 1382 1141 1433 indigent
1155 1411 1172 1431 ,.
1200 1379 1336 1420 surium
1355 1380 1539 1421 ascendat.
1603 1380 1643 1420 A
1661 1381 1829 1434 partibus

546 1447 652 1485 enim
686 1445 867 1485 arborum
902 1444 1110 1497 supremis,
1143 1455 1238 1497 quae
1270 1444 1459 1483 alimento
1492 1454 1630 1496 egent,
1675 1443 1827 1484 succum

545 1509 747 1549 nutritium
780 1508 880 1561 quasi
915 1507 1144 1560 prolecsturi,
1188 1518 1306 1546 nemo
1340 1507 1506 1558 ignorat.
1571 1506 1666 1546 Inde
1710 1507 1831 1546 nimi‹

544 1584 632 1612 rum
678 1572 733 1612 est
773 1572 878 1624 quod
918 1571 1087 1623 gemmis
1137 1570 1331 1610 stemmati
1383 1569 1512 1608 alieno
1553 1569 1699 1608 insertis
1748 1582 1829 1610 non

545 1648 683 1674 omnes
715 1635 928 1674 adimantur
960 1632 1111 1673 frondes
1141 1640 1185 1672 vt
1217 1630 1343 1672 succus
1363 1632 1538 1672 nutritius
1565 1645 1633 1685 per
1652 1642 1829 1672 truncum

544 1697 690 1737 felicius
722 1697 914 1748 ascendat,
949 1697 1151 1749 pleraeque
1181 1704 1313 1734 tamen
1355 1694 1593 1746 audiantur,
1642 1707 1691 1735 ne
1733 1695 1835 1736 desit

547 1772 730 1812 gemmae
765 1760 894 1799 eidem
928 1759 1182 1799 admiscendae
1215 1758 1396 1811 pabulum
1430 1757 1630 1798 sufficiens.

664 1887 881 1927 Enimuero
914 1899 962 1925 ne
995 1885 1084 1938 quid
1119 1898 1161 1925 ea
1196 1885 1234 1924 in
1266 1897 1307 1924 re
1348 1878 1549 1938 superesset⁴
1585 1886 1688 1926 dubii
1705 1917 1720 1937 ‚z
1757 1898 1832 1926 ex-

548 1950 806 2001 perimentum
850 1950 1004 2002 pletum
1056 1948 1174 1988 fidem
1217 1948 1407 1988 asturum
1458 1949 1647 1988 instituere
1696 1949 1832 2000 libuit,

496 2068 498 2072 .
550 2012 726 2053 Pomona
771 2012 933 2052 fauente.
1000 2011 1205 2052 Nimirum
1248 2024 1338 2051 cum
1380 2021 1568 2052 autumno
1601 2013 1652 2052 A.
1697 2021 1829 2060 1733.

1701 2087 1829 2128 pirum
