1941 2674
518 92 613 130 444

554 187 671 235 Temp.

601 238 650 268 H.

590 296 666 325 10.

589 436 657 467 10.

677 72 1150 124 OBSERVATIONES
1181 76 1661 129 ASTRONOMICAE

781 188 902 237 Appar.

753 252 770 275 Ι
917 253 955 276 ll

737 296 807 325 10.
909 298 945 327 2.

730 429 798 467 18.
873 440 945 468 12.

1011 287 1230 341 Apparebat
1249 290 1373 331 denuo
1392 290 1508 332 Luna.
1545 292 1690 334 Vmbra
1711 306 1804 336 vero

1097 350 1218 404 tegere
1237 351 1396 394 Crisrum
1416 354 1525 395 Mare
1547 356 1762 409 incipiebat.

1019 428 1122 470 Inter
1142 432 1289 473 Lunam
1319 433 1533 486 nostrosque
1562 435 1692 475 oculos
1718 435 1807 476 nul-

1092 495 1149 535 lae
1182 496 1415 549 interpofitae
1443 506 1544 536 erant
1571 498 1682 538 nubes
1716 499 1803 548 (sal-

1091 567 1169 598 tem
1204 571 1280 599 non
1311 560 1637 612 distinguebantur)
1667 572 1705 602 at
1732 574 1802 603 ne-

1087 621 1170 661 bula
1198 623 1416 663 reddebatur
1442 624 1602 664 craffior.
1656 625 1800 665 Pune'to

1086 686 1269 738 temporis
1294 685 1487 739 quodlibet
1512 686 1695 727 residuum
1716 687 1794 729 Lu-

1083 761 1152 788 nae
1177 749 1308 789 lumen
1335 749 1370 789 se
1396 749 1511 789 oculis
1536 750 1669 789 nostris
1686 763 1798 804 pror-

1080 812 1133 850 sus
1164 811 1352 864 subduxit3
1387 813 1507 865 itaque
1532 822 1680 866 tempus
1705 814 1797 855 illud

1082 886 1156 926 pro
1174 874 1320 914 Totalis
1337 874 1594 915 Immerfionis
1611 877 1719 916 initio
1735 890 1796 918 re-

1081 937 1302 988 putauimus.

1006 1013 1205 1056 Conuerfis
1241 1014 1352 1054 tribus
1381 1014 1527 1054 circiter
1557 1012 1672 1056 horae
1703 1029 1794 1069 qua-

1080 1077 1269 1118 drantibus
1304 1077 1387 1130 post
1421 1076 1680 1117 Immerfionis
1704 1079 1794 1119 To-

1081 1141 1162 1181 talis
1179 1141 1418 1194 principium,
1439 1140 1551 1180 nubes
1569 1140 1688 1193 plures
1704 1155 1794 1195 per-

1077 1204 1198 1258 spicue
1231 1203 1484 1257 apparebant,
1529 1216 1622 1256 quae
1653 1205 1788 1247 deinde

1076 1269 1114 1307 in
1149 1279 1265 1307 vnum
1297 1276 1489 1315 coeuntes,
1532 1275 1655 1308 totum
1690 1266 1788 1308 Cae-

1075 1331 1156 1371 lum
1190 1330 1394 1370 obtexere:
1438 1330 1499 1370 vbi
1532 1342 1623 1370 vero
1654 1331 1690 1371 id
1726 1344 1788 1372 re-

1073 1394 1192 1434 latum
1225 1394 1290 1443 fit,
1323 1392 1410 1446 quid
1441 1392 1664 1446 superfluum
1698 1407 1785 1436 ma-

1070 1459 1124 1510 gis
1143 1458 1256 1507 foret,
1275 1469 1385 1509 qnam
1403 1457 1554 1505 addere,
1577 1465 1661 1497 tunc
1682 1466 1786 1499 tem-

1069 1521 1171 1573 poris
1199 1519 1343 1559 Lunam
1374 1519 1491 1558 videri
1526 1519 1685 1560 minime
1709 1534 1784 1574 po-

1068 1579 1198 1623 tuiffe?
1231 1582 1289 1622 sed
1321 1581 1472 1621 sortaffis
1503 1583 1631 1622 inutile
1664 1582 1780 1624 haud·

1069 1659 1251 1700 quaquam
1286 1647 1386 1693 erit,
1433 1645 1458 1685 fi
1488 1644 1578 1685 illud
1611 1646 1783 1687 animad-

1065 1719 1228 1750 uertatur
1249 1739 1260 1760 ‚
1314 1708 1413 1762 quod
1447 1709 1561 1748 etiam
1597 1711 1781 1751 anteriore

1067 1782 1242 1825 tempore
1256 1803 1266 1823 ,
1295 1772 1474 1811 nimirum
1495 1771 1609 1811 etiam
1631 1785 1699 1824 per
1716 1786 1781 1814 eos

1065 1846 1135 1876 tres
1161 1835 1275 1875 horae
1302 1836 1513 1887 quadrantes
1540 1835 1681 1875 articuli
1707 1835 1779 1877 hu-

1061 1901 1156 1939 iusce
1188 1899 1297 1938 initio
1330 1907 1679 1948 commemoratos,
1714 1899 1776 1939 in-

1062 1961 1175 2002 uisam
1214 1961 1321 2000 nobis
1353 1960 1501 2000 Lunam
1534 1960 1664 2015 fuiffe3
1712 1963 1775 2015 qui

1063 2026 1212 2066 caelum
1233 2024 1427 2078 diligenter
1443 2024 1686 2075 obser-nantes,
1700 2026 1778 2066 fru-

1698 2088 1769 2130 stra
