1941 2674
571 74 594 113 3
605 63 661 99 26
682 57 760 100 DE
791 54 873 97 TH
878 52 1000 95 ERM
1007 50 1101 94 OM
1104 49 1239 94 ETRI
1241 49 1272 93 S
1303 49 1419 92 CON
1423 45 1659 92 CORDAN
1660 49 1722 92 TI
1724 48 1847 93 BVS.

560 177 646 218 aste
679 175 725 215 ad
761 172 933 213 libellam
967 169 1059 221 fiat,
1094 168 1156 208 sed
1190 168 1418 221 plerumque
1456 165 1644 207 Mercurii
1683 167 1886 209 summitas

560 252 627 280 ant
662 236 867 289 depreffior
900 244 962 273 ant
996 234 1112 271 altior
1145 233 1218 270 erit
1253 230 1406 270 orificio
1442 230 1546 278 tubi,
1589 241 1709 281 neque
1755 232 1884 271 miuus

562 317 585 343 a
607 302 783 352 margine
803 297 945 336 orificii
966 295 1068 348 quasi
1088 294 1186 346 sugit
1201 324 1211 344 ,
1239 305 1276 332 et
1297 295 1335 331 in
1362 303 1559 331 tumorem
1591 292 1785 344 eieuatur,
1819 294 1885 345 qui

563 365 690 405 maior
725 362 778 400 est
813 373 884 412 pro
923 359 1074 398 maiore
1095 358 1284 397 diametro
1306 355 1462 395 luminis
1482 355 1577 393 tubi.
1642 353 1747 393 Hinc
1765 367 1887 394 omne

564 427 778 466 discrimen
810 423 858 462 ad
893 422 1105 463 minimum
1141 419 1334 472 quendam
1369 418 1574 471 globulum
1617 417 1891 457 mercurialem

566 490 782 537 reducitur,
818 485 1072 538 quiquidem
1114 483 1140 522 fi
1180 481 1314 521 deficit
1355 481 1579 534 superaddi,
1630 480 1657 520 si
1699 480 1892 533 abundat,

567 552 783 593 nullatenus
814 548 954 589 auferri
988 547 1136 600 potest,
1174 546 1276 585 vnde
1309 545 1428 584 etiam
1463 545 1535 583 vix
1575 553 1759 594 cauetur,
1800 544 1891 596 quin

569 612 723 671 pondus
758 625 894 653 verum
929 610 1118 652 Mercurii
1150 609 1322 662 aliquota
1364 616 1472 661 parte
1513 607 1626 647 vuius
1664 608 1776 659 grani
1814 609 1896 648 im-

571 688 759 720 mutetur.

688 741 721 789 ς.
762 748 829 787 15.
864 736 967 777 Cum
1003 737 1118 788 igitur
1151 734 1436 788 propemodum
1468 732 1745 786 desperandum
1778 734 1824 775 fit
1849 736 1898 777 de

571 803 712 844 talibus
744 800 1046 854 experimentis,
1079 810 1175 850 quae
1208 799 1307 837 adeo
1340 807 1514 836 accurate
1548 799 1647 835 inter
1680 796 1715 836 se
1744 799 1899 853 conspi-

572 875 685 916 rent,
718 873 759 903 vt
792 863 908 916 plane
942 861 1045 901 nulla
1077 861 1256 901 laborent
1287 860 1525 899 differentia:
1577 859 1742 900 liberum
1785 863 1900 902 nobis

576 930 676 979 erit,
709 926 828 967 talem
861 925 1009 976 eligere
1045 923 1303 976 hypothesin,
1336 934 1431 975 quae
1460 934 1549 961 cum
1571 922 1900 966 obseruationibus

575 1003 695 1044 quam
733 988 919 1042 proxime
951 986 1149 1025 conuenit.
1217 984 1324 1023 Inter
1356 997 1495 1023 omnes
1536 995 1664 1025 antem
1698 987 1763 1026 illa
1804 1001 1900 1041 pro-

576 1053 712 1107 portio
747 1060 952 1104 optionem
988 1049 1130 1088 mereri
1159 1047 1260 1086 mihi
1281 1047 1455 1096 videtur,
1485 1060 1580 1099 quae
1601 1047 1766 1088 Mais-am
1788 1050 1903 1091 Mer-

578 1116 677 1156 curii
710 1113 914 1168 partialem
948 1111 987 1150 in
1021 1110 1055 1150 13
1087 1111 1134 1150 ad
1166 1107 1326 1150 marsim
1360 1109 1523 1149 totalem
1565 1111 1653 1156 (vel
1687 1111 1905 1165 longitudi-

580 1191 674 1220 nem
711 1178 796 1217 viue
830 1173 939 1224 AB,
971 1186 1090 1227 quam
1128 1173 1343 1214 Mercurius
1378 1185 1397 1211 a
1432 1172 1586 1212 summo
1617 1173 1745 1213 calore
1786 1188 1906 1229 aquae

578 1241 761 1282 feruentis
793 1240 841 1279 ad
878 1237 1062 1278 infimum
1095 1236 1268 1276 calorem
1301 1248 1419 1288 aquae
1451 1235 1674 1287 gelascentis
1705 1240 1907 1292 percurrit,

583 1305 633 1345 ad
668 1311 794 1343 totam
831 1302 923 1341 vitri
954 1301 1238 1352 capacitatem)
1275 1301 1387 1352 ponit
1418 1310 1603 1347 1150:
1631 1312 1805 1352 10000,
1839 1303 1909 1344 vel

581 1368 624 1408 in
658 1364 979 1406 Thermometris
999 1363 1213 1403 maioribus
1232 1376 1283 1401 z
1302 1372 1416 1410 1500
1431 1377 1437 1401 z
1454 1375 1647 1401 xooooo.
1716 1365 1909 1420 Quamuis

586 1430 697 1471 enim
735 1441 815 1468 non
863 1427 1081 1478 negandum
1123 1426 1189 1477 sit,
1231 1427 1304 1466 tria
1346 1426 1484 1465 Vltima
1531 1426 1824 1481 experimenta,
1868 1438 1910 1470 et

583 1492 784 1546 imprimis
830 1489 970 1541 Vltum,
1012 1489 1142 1542 potius
1193 1487 1427 1542 exposcere,
1468 1498 1513 1528 vt
1554 1489 1601 1529 fit
1648 1488 1911 1541 Asszffiggffi

587 1557 677 1609 quia
711 1565 844 1594 tamen
875 1566 955 1593 non
988 1552 1156 1605 perfeete
1187 1550 1509 1605 correspondent,
1543 1560 1660 1604 aeque
1702 1566 1746 1594 ac
1782 1566 1912 1599 cetera

586 1619 802 1671 scrupulum
835 1617 970 1657 animo
1002 1616 1230 1669 relinquunt.
1298 1615 1488 1656 Rationes
1531 1625 1688 1667 autem,
1728 1629 1825 1670 quae
1866 1621 1913 1662 ad

588 1681 692 1722 illius
723 1680 988 1734 proponis-nm
1019 1682 1225 1731 optionem
1261 1690 1326 1718 me
1344 1679 1624 1728 determinant,
1656 1678 1739 1719 sunt
1754 1680 1914 1734 sequen..

590 1753 668 1784 tes:
704 1744 816 1796 quia,
851 1742 1023 1794 quamuis
1058 1742 1257 1792 similiter,
1290 1741 1349 1781 vti
1381 1754 1541 1793 omnes,
1582 1741 1629 1781 ab
1669 1742 1915 1787 obseruatio-

593 1807 706 1847 nibus
738 1807 955 1858 discrepet,
990 1805 1030 1844 in
1065 1805 1250 1844 omnibus
1281 1813 1410 1844 tamen
1443 1805 1616 1845 mediam
1658 1803 1737 1845 fere
1769 1808 1914 1855 distan-

594 1871 692 1909 tiam
727 1881 771 1908 ac
804 1868 1059 1908 differentiam
1092 1867 1232 1908 seruat:
1255 1867 1403 1906 -deinde
1437 1867 1510 1920 ipsa
1542 1868 1619 1918 est,
1653 1881 1747 1922 quae
1774 1872 1820 1912 ad
1841 1885 1916 1913 ex-

597 1933 861 1985 perimentum
894 1930 1205 1971 Thermometro
1237 1929 1459 1971 Delisliano
1492 1932 1660 1972 normali
1694 1934 1740 1982 (ξ.
1761 1938 1819 1985 6.)
1855 1934 1917 1976 fa·-

600 1995 711 2038 Ctum
749 2007 867 2050 quam
906 1994 1094 2050 proxime
1130 1994 1289 2036 accedit.
1355 1993 1539 2036 Tandem
1587 1995 1691 2039 nulla
1729 1997 1914 2040 diuisione

1817 2060 1916 2106 icala
