1941 2674
513 135 601 176 330
624 121 704 165 DE
735 114 1212 163 THERMOMETRIS
1244 113 1787 161 CONCORDANTIBVS.

512 242 588 288 ris,
622 239 710 292 quia
749 236 790 277 hi
829 234 937 276 facile
975 234 1272 288 diffringuutur3
1307 233 1346 272 in
1382 232 1507 273 altero
1536 232 1617 273 casu
1637 235 1830 286 peridem

511 303 625 344 filum
659 297 822 340 admiffo
856 310 944 338 aere
977 298 1222 338 Mercurium
1267 296 1501 349 superfluum
1544 296 1728 347 dirimes,
1773 299 1838 337 di⁴

510 374 711 417 temptum
744 372 874 402 autem
912 359 1024 401 facile
1064 360 1249 400 extrahis.
1314 359 1379 400 Ad
1419 358 1653 399 obtinendos
1695 360 1836 399 termi-

512 440 585 468 nos
618 426 757 466 caloris
788 434 828 463 et
861 422 1016 476 frigoris
1051 424 1204 463 videtur
1237 422 1393 475 quidem
1433 420 1629 474 sufficere,
1664 430 1707 462 vt
1739 421 1837 462 solus

512 490 687 541 cylinder
728 499 846 540 aquae
888 488 1147 539 immittatur·⁷
1191 485 1253 525 sed
1295 484 1457 525 securius
1497 485 1578 536 est,
1621 494 1665 525 vt
1705 494 1836 525 totum

512 554 806 597 instrumentum
840 550 888 589 ad
920 549 1095 589 libellam
1129 548 1207 588 fere
1241 548 1430 589 Mercurii
1464 547 1744 601 immergatur,
1779 548 1840 588 cui

514 616 583 657 fini
618 614 728 669 super
760 615 896 666 ignem
929 625 1062 653 vrceus
1095 612 1212 652 altior
1244 611 1467 663 argillaceus
1498 620 1561 650 aut
1595 611 1735 651 ferreus
1776 611 1841 651 in-

512 679 642 719 seruit.
710 678 843 730 Aquae
875 675 1095 729 gelascentis
1128 675 1243 727 frigus
1287 675 1509 714 maximum
1543 673 1597 714 est
1627 674 1669 714 in
1702 674 1841 715 flumi-

515 754 565 781 ne
600 741 723 793 glacie
760 739 888 790 testo,
923 748 986 779 aut
1017 739 1056 778 in
1089 738 1176 778 vase
1211 738 1383 791 quodam
1403 737 1569 790 amplo,
1603 738 1758 790 quando
1777 739 1841 777 in-

517 813 678 857 gruente
698 814 841 854 magno
861 801 948 853 gelu
966 801 1045 841 aeri
1078 801 1250 853 exposita
1284 800 1397 839 crusta
1430 800 1585 851 glaciali
1618 800 1835 841 obducitur.

519 866 668 906 Coc‘tio
696 865 789 912 fiat,
824 864 975 916 quando
1008 864 1171 903 altitudo
1205 862 1397 903 Mercurii
1427 863 1466 901 in
1496 861 1732 903 Barometro
1752 863 1840 904 satis

517 928 701 968 notabilis
733 928 810 977 est,
845 938 941 978 quae
983 926 1189 978 aliquando
1236 925 1453 965 continuari
1496 935 1535 965 et
1577 926 1667 978 igne
1707 927 1839 979 vrgeri

517 990 654 1040 debet,
689 998 732 1028 vt
767 989 965 1027 summum
998 988 1170 1027 calorem
1204 988 1402 1041 obtineas3
1434 996 1473 1026 et
1505 988 1531 1027 fi
1568 989 1676 1041 plura
1706 989 1840 1029 Ther-

516 1060 715 1094 mometra
751 1050 943 1090 conficere
979 1050 1102 1101 velis,
1137 1050 1226 1089 talia
1259 1059 1438 1101 tempora
1466 1050 1591 1102 elige,
1625 1052 1755 1105 quibus
1774 1064 1840 1093 aer

517 1116 682 1156 eandem
715 1123 780 1154 aut
811 1126 890 1154 non
923 1113 1091 1152 multum
1125 1112 1368 1152 differentem
1412 1111 1628 1165 specificam
1668 1116 1840 1167 grauita-

516 1187 600 1217 tem
633 1177 761 1217 habet.
826 1176 902 1215 Pro
934 1176 1113 1215 notandis
1145 1175 1322 1215 terminis
1355 1185 1394 1214 et
1425 1175 1679 1216 mensurando
1715 1178 1839 1217 inter-

518 1240 624 1280 uallo
662 1251 751 1292 para
785 1238 857 1278 tibi
889 1235 1051 1278 asserem
1072 1250 1123 1278 ex
1154 1239 1264 1290 ligno
1284 1237 1466 1287 duriore,
1504 1238 1568 1278 vel
1588 1239 1613 1279 fi
1632 1239 1759 1293 placet
1786 1251 1840 1282 ex

520 1302 721 1342 orichalco
736 1333 746 1351 ‚
769 1302 865 1341 duos
886 1301 1045 1354 pollices
1063 1311 1102 1341 et
1121 1301 1248 1354 plures
1274 1301 1410 1350 latum,
1432 1302 1640 1342 dimidium
1660 1301 1839 1355 craffum,

519 1365 772 1419 longitudinis
805 1365 1086 1404 conuenientis:
1121 1364 1361 1417 exsculpatur
1393 1364 1495 1404 finus
1534 1364 1621 1404 satis
1658 1365 1840 1419 spatiosus

520 1441 593 1480 pro
627 1429 791 1468 locando
827 1426 1031 1478 cylindro,
1065 1437 1110 1466 vt
1146 1440 1236 1480 aqua
1275 1427 1415 1480 vbique
1471 1428 1668 1481 appellere
1714 1425 1840 1481 pcfflit.

519 1491 672 1531 Inferne
704 1490 919 1544 applicetur
951 1489 1116 1530 fulcrum
1152 1490 1352 1542 ligneum,
1395 1501 1486 1541 aut,
1531 1491 1635 1543 quod
1672 1491 1838 1544 melius,

519 1555 713 1605 ferreum,
744 1563 786 1593 vt
821 1552 923 1591 sedes
959 1552 1199 1592 instrumenti
1232 1553 1414 1591 inuariata
1453 1562 1633 1602 maneat,
1680 1563 1743 1606 et,
1779 1551 1838 1595 'ne

519 1617 701 1667 fluctuet,
739 1616 888 1655 duobus
924 1615 1019 1654 locis
1058 1615 1193 1655 tubum
1234 1615 1450 1654 retinaculis
1494 1628 1545 1654 ex
1592 1616 1663 1655 filo
1709 1618 1838 1658 ferreo

520 1690 584 1719 aut
603 1679 819 1719 cannabino
839 1678 965 1717 firma.
1029 1678 1150 1718 Porro
1167 1677 1277 1731 super
1293 1679 1383 1717 duas
1402 1678 1575 1719 lamellis
1593 1678 1747 1720 chartae
1765 1681 1840 1720 du·-

519 1743 635 1782 rioris
671 1742 743 1781 duc
781 1741 926 1781 lineam
964 1741 1112 1780 restam
1156 1741 1333 1781 subtilem
1382 1750 1622 1792 atramento,
1671 1751 1712 1782 et
1759 1755 1838 1797 ope

519 1818 631 1844 cerae
669 1804 862 1844 mollioris
899 1803 985 1856 post
1020 1804 1180 1855 tubum,
1227 1804 1274 1843 ad
1310 1803 1433 1843 asseris
1478 1804 1720 1858 superficiem
1764 1819 1836 1859 ap-

520 1869 621 1920 plica
659 1868 820 1906 alteram
859 1867 906 1906 ad
943 1868 1155 1907 terminum
1193 1865 1372 1919 frigoris,
1414 1867 1576 1908 alteram
1612 1869 1659 1908 ad
1697 1869 1840 1909 termi-

520 1943 615 1970 num
652 1930 812 1982 calori53
849 1929 1000 1981 quando
1039 1931 1116 1969 iam
1154 1929 1448 1970 instrumentum
1496 1932 1536 1970 in
1581 1932 1686 1984 aquis
1725 1941 1838 1972 tene-

523 2002 608 2042 tur,
650 1992 718 2032 has
751 1993 926 2032 lamellas
962 2001 1041 2032 tam
1084 1993 1147 2032 diu
1185 1992 1276 2032 hinc
1314 1993 1402 2032 inde
1442 2006 1581 2042 moue,
1622 1995 1747 2034 donec
1784 1994 1838 2033 li-

524 2067 616 2096 neae
651 2057 690 2095 in
727 2056 805 2096 illis
847 2055 981 2096 duciae
1025 2067 1116 2096 cum
1161 2056 1314 2111 puntstis
1359 2055 1599 2097 altitudinem
1645 2055 1838 2098 Mercurii

1693 2119 1831 2161 exacte
