1941 2674
519 62 570 103 25
583 54 604 94 s
761 74 769 78 ⁷-
816 44 902 91 DE
935 46 1002 90 Vr
1036 42 1238 89 VENAE
1282 43 1522 105 AQVEAE

510 167 577 208 Ex
614 177 684 218 qua
721 162 901 215 analogia
938 163 1132 204 inuenitur
1167 163 1317 215 pondus
1361 161 1522 212 cylindri
1567 162 1678 214 aquei
1722 174 1819 202 cor·

511 229 608 270 tec'ti
648 231 819 275 :8503
847 223 916 266 Gr.
951 235 991 265 et
1028 225 1137 265 huius
1174 225 1336 278 duplum
1380 234 1505 273 1701.
1528 220 1599 264 Gr.
1633 237 1727 277 quae
1745 226 1819 276 est,

512 303 567 333 ex
602 291 801 340 Theoria,
846 289 901 328 vis
938 299 1059 327 venae
1105 299 1248 339 aqueae
1291 297 1426 327 contra
1471 287 1690 328 orbiculum
1735 287 1816 327 ΟΡ

511 353 758 396 incurrentis.
824 351 880 391 At
916 362 1013 390 vero
1052 349 1186 390 datum
1223 349 1263 389 in
1282 349 1320 390 K
1356 350 1504 402 pondus
1539 351 1674 401 totale,
1710 349 1815 402 quod

516 416 546 457 P
583 415 762 467 vocabo,
799 413 979 461 sustinet,
1016 413 1056 451 in
1095 412 1187 452 statu
1219 410 1459 465 aequilibrii,
1495 412 1689 465 impetum
1711 413 1750 452 in
1771 413 1815 454 X

514 486 658 527 filetum
693 485 892 539 aequalem
936 471 1095 538 ¹5⁴{xP3
1136 483 1240 523 vnde
1277 495 1329 524 ex
1364 484 1629 524 obseruatione
1657 484 1816 537 colligi-

515 559 577 590 tur
613 549 679 590 hic
718 550 888 602 impetus
925 560 1108 598 :1403
1143 544 1218 587 Gr.
1258 558 1309 587 ex
1346 559 1423 599 quo
1459 547 1637 599 sequitur,
1675 547 1818 587 Theo—

514 613 616 653 riam
653 612 841 652 excedere
876 611 1027 663 pondus
1064 611 1105 649 in
1141 611 1423 663 experimento>
1453 608 1696 650 obseruatum
1729 613 1813 660 298

514 672 672 715 Granis.
738 672 947 714 Caeterum
986 674 1026 712 in
1067 672 1146 713 hoc
1192 673 1506 725 Experimento,
1551 683 1591 712 et
1633 673 1816 726 reliquis,

515 737 713 778 obseruaui
749 737 893 786 etiam,
930 736 1034 788 quod
1068 736 1261 775 orbiculus
1280 735 1381 785 ΟΡ,
1422 734 1583 774 brachio
1611 734 1685 775 TS
1707 736 1818 776 nullo

516 801 689 854 pondere
730 809 895 838 externo
931 808 1095 838 onerato
1131 797 1313 837 foramini
1334 798 1533 845 admotus,
1573 798 1701 838 eidem
1721 812 1819 851 qua-

515 863 545 904 si
583 862 723 902 affixus
759 869 956 910 maneret,
998 861 1051 900 ita
1090 869 1134 899 vt
1171 873 1288 913 aquae
1323 871 1479 900 motum
1525 861 1605 900 fere
1650 873 1816 902 omnem

515 925 671 965 sisteret.
740 924 827 964 Fuit
862 922 981 962 etiam
1018 923 1283 975 prominentia
1319 923 1401 961 tubi
1436 931 1547 961 extra
1582 935 1650 962 vas
1676 925 1823 975 maius„

514 999 659 1040 nempe
695 982 951 1026 GYzzxs
983 994 1082 1036 part.
1122 995 1235 1037 atque
1270 984 1447 1024 distantia
1481 985 1646 1025 orbiculi
1674 984 1752 1027 ΟΡ
1769 986 1825 1027 ab

515 1061 700 1090 eXtremo
738 1048 860 1088 tubuli
897 1047 1001 1088 Y:
1019 1060 1069 1097 13
1081 1058 1101 1095 5
1127 1056 1232 1100 part..

876 1125 1358 1204 Experimentum
1392 1122 1452 1182 ΙΙ.

633 1212 849 1254 institutum
881 1211 952 1252 fuit
983 1213 1021 1252 d.
1060 1226 1099 1262 3.
1135 1211 1263 1262 Iunii,
1303 1222 1414 1265 atque
1447 1212 1490 1251 in
1525 1224 1576 1252 eo
1615 1221 1683 1254 vas
1727 1225 1818 1255 rna-

516 1278 600 1330 ius,
634 1276 772 1317 leniter
804 1288 944 1328 aquam
989 1274 1141 1328 semper
1180 1274 1433 1325 affundendo,
1470 1275 1689 1316 constanter
1729 1277 1817 1331 ple-

516 1353 612 1381 num
647 1339 718 1379 suit
755 1338 971 1389 seruatum,
1011 1339 1121 1378 tubus
1163 1350 1259 1377 vero
1311 1337 1397 1379 EY
1440 1341 1619 1391 vtrinque
1659 1332 1817 1381 breuior

516 1402 635 1444 faetus
665 1402 731 1442 est.
796 1400 905 1442 Tum
944 1402 1077 1441 inueni
1117 1401 1335 1441 distantiam
1380 1397 1677 1451 ZLz-4608
1717 1411 1818 1459 parti.¹

518 1465 819 1513 YZ:2058.
855 1464 1005 1517 pondus
1039 1464 1161 1504 totale
1188 1463 1229 1502 in
1268 1462 1289 1503 Ι
1331 1463 1537 1517 appensum
1585 1475 1700 1515 1549
1742 1462 1820 1512 Gr,

519 1528 779 1577 HI:2095
799 1558 811 1578 ‚
848 1524 1097 1576 GM289.
1131 1527 1280 1580 pondus
1311 1539 1407 1568 vero
1439 1539 1558 1579 aquae
1601 1528 1818 1579 cylindrico

518 1586 606 1633 vase
641 1588 789 1645 αὲγδ
809 1599 1015 1630 contentae
1038 1590 1203 1639 retinui,
1235 1590 1345 1643 quale
1365 1590 1457 1629 illud
1479 1589 1560 1629 heri
1580 1603 1816 1644 repereram.

518 1655 585 1696 Ex
616 1653 677 1693 his
709 1658 836 1705 itaque
867 1653 912 1692 fit
947 1653 1111 1692 altitudo
1143 1653 1270 1692 debita
1303 1652 1490 1692 celeritati
1531 1666 1651 1706 aquae
1693 1653 1732 1693 in
1773 1655 1819 1696 X

518 1717 726 1757 exfilieutis
758 1729 814 1755 :z
837 1726 954 1765 2579
985 1725 1081 1767 part.
1119 1716 1264 1768 pondus
1308 1715 1470 1766 cylindri
1502 1717 1610 1768 aquei
1653 1716 1818 1758 correcti

520 1794 577 1821 z
601 1783 702 1819 860.
737 1775 809 1819 Gr.
846 1789 884 1819 et
920 1778 1032 1818 huius
1062 1777 1224 1831 duplum
1263 1787 1376 1826 1720
1412 1775 1483 1817 Gr.
1515 1778 1712 1832 colligitur
1744 1792 1818 1819 ve-

520 1855 568 1883 ro
601 1855 654 1882 ex
685 1841 952 1882 obseruatione
983 1842 1153 1893 impetus
1189 1841 1227 1880 in
1262 1841 1479 1881 orbiculum
1514 1842 1666 1882 renitet
1701 1841 1822 1887 ffic‘tus

518 1918 576 1945 Ξ
609 1909 727 1956 1463
768 1902 839 1944 Gr.
886 1904 986 1944 vnde
1019 1903 1194 1944 Theoria
1235 1902 1358 1944 rursus
1389 1904 1540 1956 pondus
1571 1905 1612 1946 in
1642 1905 1821 1960 Experi-

518 1978 656 2010 mento
676 1966 920 2009 obl'eruatum
955 1968 1112 2008 excedit
1148 1976 1232 2020 257
1270 1963 1427 2009 Granis.

1733 2029 1824 2072 Ex-
