1941 2674
291 78 373 120 DE
405 76 655 119 FICVBJ'S
689 75 725 116 E
757 76 992 118 TRJ'A'CO
1024 77 1253 118 ENATIS,
1339 90 1418 128 195

129 196 234 251 quit.
300 196 414 236 Idem
448 194 490 234 fit
522 207 609 233 cum
644 195 826 246 proxime
860 193 1097 247 sequentibus
1130 194 1277 247 vaginis
1307 205 1344 234 et
1364 195 1428 236 fo-

136 261 266 311 lzolis,
300 261 421 300 donec
455 257 635 298 oninium
670 257 707 295 in
740 271 899 309 gemma
941 268 1217 297 contentorum
1251 260 1429 298 interum

136 325 290 364 diorum
305 355 316 372 ,
353 322 537 362 foliorum
578 331 616 360 et
636 320 776 360 ficuum
800 322 1112 361 rudimentorum
1133 322 1307 361 euolutio
1330 323 1425 363 fust-„1

135 387 192 428 sit.
258 387 345 427 Hoc
379 398 444 437 per
479 396 604 424 totum
642 397 785 423 annum
822 386 858 424 in
890 386 1060 437 gemmis
1093 385 1262 425 summos
1289 398 1425 426 ramo-

139 464 226 492 rum
262 451 389 504 apices
420 447 694 501 occupantibus
726 447 919 488 obseruari
951 447 1088 502 potest.

251 545 359 584 Talis
392 543 593 583 structurae
624 553 824 594 gemmam
853 541 1088 594 principium
1119 543 1422 585 monstrofiirum

135 607 273 648 hurum
306 608 451 647 ficuum
487 602 593 645 funse
626 614 731 657 patet
765 603 827 643 vel
862 614 913 642 ex
955 604 1064 656 apice
1110 604 1180 643 illo
1224 607 1264 645 in
1314 608 1421 659 finu,

134 684 250 725 quem
285 671 413 710 media
445 678 485 708 et
514 667 728 707 lateralium
767 678 841 705 vna
873 664 1147 717 efflnmabant,
1181 667 1415 722 conspicuO,

132 735 179 775 de
212 746 289 788 quo
320 732 426 785 supra
460 730 705 770 mentionem
738 727 916 768 fecimus:
959 727 1059 768 hunc
1091 730 1198 771 enim
1232 743 1309 785 ope
1342 733 1423 772 mi<

130 796 321 848 croscopii
354 805 492 846 magna
525 804 613 832 cura
649 793 918 832 examinatum
955 804 1096 832 omnes
1125 805 1310 846 gemmae
1329 808 1423 848 par-

130 868 188 900 tes
219 860 257 898 in
290 856 324 896 se
356 856 553 897 continere
586 854 852 907 deprehendi,
885 855 1070 909 vaginas,
1111 858 1246 899 foliola
1287 859 1420 900 minu*

126 921 266 962 tissima
299 920 535 970 conuoluta,
570 928 610 958 et
638 917 785 959 ficuum
817 918 1048 961 rudimenta.

247 1012 290 1055 Si
322 1014 400 1054 iam
434 1015 679 1069 concipiatur
710 1012 848 1053 infima
881 1013 984 1055 istius
1015 1027 1200 1068 gemmae
1239 1018 1417 1058 interno-

125 1078 283 1120 diorum
316 1078 535 1118 rudimenta
577 1076 763 1132 impedita
803 1075 911 1116 fuisse
952 1091 1174 1132 quacunque
1222 1081 1326 1121 caufit
1375 1082 1416 1122 in

123 1154 265 1182 eorum
300 1151 534 1193 augmento,
569 1141 711 1182 ficuum
744 1141 899 1180 interim
932 1143 1163 1182 rudimentis
1195 1142 1268 1184 sese
1303 1145 1418 1185 euol-

126 1205 303 1246 uentibus
335 1214 374 1243 et
406 1205 444 1243 in
479 1206 560 1245 dies
592 1204 860 1254 crescentibus,
892 1205 945 1244 ita
979 1213 1021 1245 vt
1053 1207 1212 1246 tandem
1254 1217 1330 1247 tres
1363 1208 1415 1249 fi„

128 1267 212 1308 mul
245 1269 311 1308 vni
343 1267 521 1320 Pediculo
566 1279 616 1308 ex
657 1268 777 1307 tribus
815 1267 915 1319 quasi
965 1268 1194 1309 internodiis
1240 1270 1412 1320 coalito,

124 1331 290 1372 insidere
323 1331 566 1382 viderentur,
599 1330 743 1384 patebit
779 1330 982 1370 monstrofi
1015 1330 1127 1371 huius
1159 1342 1286 1386 partus
1320 1346 1414 1374 mo-

126 1395 197 1434 dus
228 1403 267 1433 et
299 1395 412 1434 ratio.
476 1394 603 1446 Folia,
637 1393 664 1434 si
698 1394 883 1447 quaedam
926 1393 998 1433 sete
1030 1396 1227 1448 explicare
1268 1409 1417 1450 coepe—

127 1468 240 1506 runt,
283 1457 408 1497 statim
456 1457 603 1512 delapsa
638 1457 743 1508 sunt,
777 1457 917 1496 reliEtis
949 1457 1024 1497 istis
1056 1459 1223 1512 vestigtis
1259 1459 1320 1500 seu
1353 1461 1414 1501 ci-

124 1520 347 1560 catricibus.
414 1521 530 1573 Apici
563 1531 692 1561 autem
725 1532 907 1573 gemmae
940 1522 980 1560 in
1013 1521 1091 1561 finu
1136 1522 1279 1563 ficuum
1324 1524 1416 1564 resi-

127 1585 231 1634 duo,
267 1584 313 1622 ab
346 1583 405 1624 his
436 1582 624 1624 sufficiens
656 1583 703 1623 ad
750 1582 980 1624 vlteriorem
1025 1585 1298 1626 euolutionem
1338 1599 1414 1628 nu·-

122 1647 356 1688 trimentum
388 1647 602 1688 detractum
635 1647 702 1687 est.

243 1749 430 1791 Ceterum
462 1761 598 1791 notare
639 1762 781 1804 operae
823 1751 992 1805 pretium
1025 1752 1149 1803 duco,
1192 1752 1411 1806 pedunculo

127 1815 203 1856 hoc
237 1814 433 1855 fructifero
466 1824 505 1854 et
537 1815 620 1854 aliis
651 1815 770 1854 ramis
801 1827 823 1854 e
859 1816 984 1854 trunci
1017 1817 1152 1856 medio
1189 1816 1414 1857 excrescen-

124 1880 226 1921 tibus
258 1878 490 1930 amputatis,
525 1878 705 1917 arborem
739 1878 777 1916 in
810 1877 904 1917 loco
936 1879 1064 1919 minus
1097 1888 1317 1932 temperato
1337 1892 1415 1933 po-

124 1943 233 1985 sitam
266 1949 305 1980 et
324 1941 420 1980 iusto
439 1940 582 1991 nimis,
618 1952 682 1980 me
701 1939 913 1992 nesciente,
940 1942 1163 1994 irrigatam,
1190 1942 1406 1984 admodum

96 2007 300 2053 ,laborare
345 2000 533 2058 coepiss'e;
576 2003 756 2057 guttatim
794 2004 909 2063 enim*
937 2005 1140 2046 emanabat
1181 2003 1274 2048 hinc
1322 2006 1414 2046 inde

684 2063 752 2107 Bb
786 2077 811 2104 2
1142 2118 1147 2122 ι
1337 2081 1410 2124 per
