1941 2674
565 89 654 128 224
877 75 957 117 DE
987 71 1205 116 FIGVRA
1238 71 1479 115 TERRAE.

559 192 777 245 aequalem.
842 190 966 241 Hinc,
1004 191 1127 230 modo
1165 190 1395 242 ponderibus
1434 190 1474 228 in
1503 188 1623 227 Terra
1660 189 1845 244 atiniago,

560 254 825 295 confides-anda
863 254 995 292 veniet
1030 253 1234 304 longitudo
1268 253 1421 304 penduli
1454 251 1660 304 simplicis,
1703 253 1846 306 singula

564 320 710 357 minuta
745 316 899 355 secunda
932 315 1159 365 osculantis,
1195 313 1257 353 sub
1291 314 1415 365 Polo,
1450 314 1510 354 sub
1544 315 1778 366 Aequatore‚
1810 325 1850 356 et

563 381 604 419 iu
638 380 731 418 locis
763 378 1024 425 intermediis,
1065 390 1140 416 vna
1173 389 1263 416 cum
1297 378 1470 427 ratione,
1506 378 1612 416 iuxta
1645 389 1759 428 quam
1780 378 1851 417 ab-

563 443 754 482 breuiatio
789 442 896 480 huius
931 441 1104 492 penduli,
1140 440 1335 492 pergendo
1376 453 1396 479 a
1441 440 1538 479 Polo
1572 439 1617 478 ad
1649 441 1854 492 Aequato-

565 518 675 552 rem,
716 505 973 557 progreditur.
1045 502 1189 551 (VII.)
1225 502 1493 542 Examinanda
1526 503 1625 551 erit,
1659 514 1709 541 ex
1729 502 1851 555 figura

564 568 710 606 Terrae
747 567 925 616 Αξὲαιιιὶ,
961 567 1060 605 ratio
1097 567 1193 605 Axis
1225 566 1410 616 Telluris,
1446 578 1466 603 a
1501 564 1598 604 Polo
1630 565 1677 604 ad
1710 565 1852 605 Polum

566 630 681 679 ducti,
721 633 766 669 ad
787 630 1037 669 Diametrum
1059 629 1303 680 Aequatoris.
1372 626 1540 676 (VIII.)
1575 625 1677 666 Cum
1700 629 1855 680 magni-

567 696 662 732 tudo
696 694 832 743 gradus
868 693 979 730 vuius
1000 692 1179 730 terrestris
1194 723 1204 741 ‚
1238 692 1433 743 pergendo
1453 691 1499 729 ab
1520 690 1742 743 Aequatore
1762 703 1856 730 ver-

566 755 624 794 sus
656 756 795 804 Polos,
832 752 1038 793 neceffirio
1076 754 1138 792 vel
1175 754 1340 802 creseat,
1383 753 1445 792 vel
1486 753 1696 802 decrescat,
1739 762 1855 806 prout

566 831 642 856 vna
679 828 742 856 aut
774 818 891 857 altera
927 817 1180 869 praefiitarum
1215 817 1487 855 sententiarum
1520 814 1741 855 affumitur:
1784 817 1857 856 de-

568 881 769 919 terminari
802 880 915 918 debet
961 880 998 917 in
1042 879 1209 931 qualibet
1250 879 1435 930 opinione
1477 879 1596 918 etiam
1646 879 1856 930 proportio

568 942 677 982 huius
711 941 1002 993 inaequalitati&
1067 940 1248 993 Denique
1290 940 1424 991 (IX.)
1468 942 1586 980 etiam
1629 941 1858 981 excutienda

571 1014 742 1044 occurret
775 1004 935 1043 directio
968 1004 1184 1055 grauitatis,
1222 1003 1283 1041 via
1326 1015 1468 1055 nempe
1509 1004 1665 1043 alicuius
1706 1005 1855 1055 grauis,

573 1080 687 1118 quam
723 1067 959 1119 lequeretur,
1004 1066 1027 1104 si
1065 1079 1084 1104 a
1123 1065 1320 1118 superficie
1352 1066 1496 1104 Terrae
1542 1066 1662 1105 libere
1705 1066 1860 1106 caderet

571 1141 760 1181 eousque,
794 1130 887 1167 dum
921 1130 957 1168 in
993 1129 1125 1168 statum
1159 1129 1296 1180 quietis
1330 1129 1572 1181 perueniret3
1607 1141 1722 1181 quam
1753 1129 1860 1169 viam

576 1189 661 1230 Cel.
681 1193 724 1231 d:
744 1191 797 1231 M
801 1194 909 1231 aii-an
932 1203 1042 1231 vocat
1063 1190 1320 1230 Diretstricem
1349 1191 1557 1242 grauitatis.
1607 1192 1736 1244 Atque
1763 1190 1859 1231 haec

575 1253 658 1293 sunt
696 1256 922 1307 praecipua,
957 1267 1049 1304 quae
1086 1254 1134 1292 ab
1169 1254 1421 1303 Audhnibus,
1455 1254 1519 1306 qui
1555 1255 1602 1294 de
1638 1254 1709 1294 hac
1741 1267 1862 1306 quae-

575 1318 696 1357 stione
732 1317 891 1368 Figurae
925 1317 1069 1356 Terrae
1102 1317 1240 1356 soliciti
1272 1317 1442 1367 fuerunt,
1478 1316 1559 1356 suut
1585 1317 1826 1370 pertractata.

692 1443 724 1491 ξ.
762 1456 802 1491 4.
841 1441 1027 1495 Negieeti
1062 1442 1180 1495 figura
1214 1442 1358 1482 Terrae
1390 1441 1681 1495 Antiquissima,
1723 1451 1862 1496 vtpote

579 1504 693 1543 nullis
730 1505 840 1557 plane
878 1506 1109 1551 rationibus,
1148 1515 1213 1545 aut
1246 1504 1531 1556 infirmiffimis,
1577 1506 1687 1546 nixa:
1735 1505 1863 1546 confi-

578 1567 720 1606 derabo
758 1568 954 1620 paululum
992 1569 1155 1620 figuram
1193 1568 1340 1608 Terrae
1384 1569 1610 1622 Antiquam,
1663 1568 1741 1608 hoc
1783 1568 1861 1620 est,

577 1629 743 1682 perfecte
777 1631 989 1682 globofiim.
1057 1632 1180 1671 Huius
1197 1632 1436 1671 rotunditatis
1462 1641 1734 1683 argumentum
1753 1644 1866 1685 prae-

580 1694 735 1744 cipuum
771 1694 962 1733 duxerunt
993 1694 1155 1734 Veteres
1185 1706 1238 1733 ex
1275 1707 1347 1745 eo,
1392 1695 1495 1745 quod
1532 1693 1658 1734 sumto
1694 1696 1733 1734 in
1771 1694 1878 1735 Me-·

579 1756 731 1794 ridiano
765 1756 908 1795 Terrae
945 1757 1034 1796 loco
1071 1758 1229 1810 quouis,
1265 1757 1551 1810 progrediendo
1579 1757 1704 1797 versus
1721 1758 1865 1797 Polum

581 1818 833 1869 alterutrum,
870 1820 1218 1860 animaduertamus
1248 1821 1462 1860 constanter
1494 1821 1535 1873 in
1569 1820 1783 1873 aequalibus
1809 1820 1868 1860 fa-

583 1881 653 1920 ‹stis
689 1882 886 1921 itineribus
921 1883 1019 1922 Polo
1056 1896 1125 1922 nos
1160 1883 1367 1936 aequaliter
1399 1884 1712 1936 appropinquari.
1778 1883 1868 1924 Hu-

583 1944 640 1982 ius
675 1945 890 1995 argumenti
928 1947 1011 1985 vim
1049 1947 1264 1986 commode
1302 1959 1369 1998 per
1405 1942 1581 1985 Globum
1619 1945 1866 1986 artificialem

585 2007 731 2047 ostendi
767 2006 899 2061 poffe,
934 2009 1027 2049 dicit
1062 2009 1250 2051 Varenius
1286 2008 1315 2051 1.
1334 2021 1370 2050 c.
1407 2007 1469 2049 sed
1489 2005 1744 2051 Geometrice
1772 2018 1867 2064 pot·

1792 2072 1867 2113 erit
