1941 2674
521 73 612 125 366
894 62 982 113 DE
1012 61 1188 112 NVMO
1221 60 1414 112 MVSEr

518 194 561 226 vt
589 182 737 225 colonia
779 181 947 225 militaris
985 183 1142 224 dedudta
1183 183 1289 224 fuerit
1321 191 1359 223 et
1393 180 1514 235 Legio
1545 177 1621 222 111.
1648 176 1798 223 Gallica

515 258 554 289 et
587 248 708 301 Legio
742 248 860 300 aliqua
893 246 1158 301 Hipponensis.
1224 247 1292 286 His
1322 247 1428 287 rebus
1457 247 1495 285 in
1523 244 1799 298 Mesopotamia

517 312 567 353 fic
601 311 828 360 constitutis,
861 310 981 350 dicere
1007 311 1129 363 potuit
1155 306 1357 363 Septimius
1380 307 1487 361 Imp.
1509 316 1550 348 vt
1576 319 1663 347 eum
1691 320 1801 360 prae-

519 373 649 414 dicasse
681 373 811 412 ametor
844 372 898 412 est
928 371 1012 413 Dio
1044 369 1183 413 Caffius
1215 373 1293 422 (s),
1328 383 1506 424 magnam
1541 371 1574 409 se
1604 370 1802 423 regionem

519 436 682 489 imperio
707 434 931 488 adquisiuiffe
954 446 1111 487 eamque
1140 434 1457 487 propugnaculum
1476 431 1604 483 Syriae
1630 432 1800 472 effecisse.

521 499 735 540 Antoninus
760 495 949 537 Caracalla
976 497 1111 537 deinde
1138 508 1253 549 regno
1272 496 1466 537 Osrhoeno
1490 495 1653 546 sublato,
1682 495 1804 535 Edes-

520 562 598 601 sam
630 561 821 601 coloniam
854 561 950 600 fecit.
1013 560 1072 600 Ea
1103 558 1199 599 haud
1232 560 1283 599 ita
1313 560 1437 600 multo
1464 558 1547 611 post
1575 571 1596 597 a
1622 558 1800 599 Macrino

520 624 624 677 Imp.
660 623 918 676 metropoleos
948 622 1124 675 dignitate
1150 622 1257 662 aneta
1283 621 1370 673 fuit,
1407 621 1533 674 vtique
1556 620 1627 671 sic,
1662 630 1703 661 vt
1729 631 1803 673 po-

518 688 607 727 tiori
638 686 729 727 loco
761 687 868 733 effer,
903 698 1014 738 quam
1047 683 1233 734 Carrhae,
1270 686 1368 726 cuius
1401 684 1502 724 vrbis
1534 684 1639 724 numi
1670 683 1806 723 deinde

522 759 666 790 tantum
702 743 1039 802 μηἾξςσω-ὀλεως,
1071 748 1158 797 vel,
1202 756 1245 787 vt
1276 747 1336 788 sub
1367 746 1573 799 Elagabalo
1594 777 1604 796 ,
1647 741 1803 801 μνΠεο-

524 809 677 859 πόλεως
713 807 909 863 δευτέεας
951 812 1106 850 axioma
1137 818 1283 863 gerunt.
1383 810 1490 865 Quae
1523 819 1647 849 autem
1681 809 1806 862 potuit

524 876 596 915 effe
639 875 792 927 prima,
844 874 909 913 nisi
949 873 1111 922 Edessa,
1162 873 1248 912 vrbs
1278 882 1360 913 tum
1394 882 1437 912 vt
1468 872 1639 912 maxime
1673 871 1805 925 opibus

523 932 814 978 florentissima?
860 935 978 975 Nulla
1009 935 1142 974 deinde
1174 935 1244 974 alia
1277 935 1322 975 ad
1357 935 1394 974 id
1429 944 1575 987 tempus
1607 935 1644 974 in
1675 933 1804 975 Meso-
1868 936 1876 939 χ

520 1000 691 1053 potamia
724 997 944 1049 metropolis
975 997 1056 1037 fuit.
1123 997 1178 1037 Et
1211 1005 1474 1048 argumentum
1504 996 1650 1037 huiusce
1681 998 1736 1037 rei
1766 997 1806 1036 in

519 1061 683 1103 Historia
702 1059 895 1100 Osrho‘e'na
922 1059 1082 1112 protuli,
1116 1059 1216 1112 quod
1241 1058 1414 1100 Edeffam
1440 1060 1651 1112 oportuerit
1675 1059 1806 1112 grandi

520 1124 732 1166 deuinetam
766 1123 865 1162 fuiffe
897 1122 1103 1172 beneficio,
1136 1134 1224 1162 cum
1250 1123 1290 1161 in
1314 1121 1477 1163 Macrini
1503 1133 1644 1172 numo,
1676 1123 1730 1162 A.
1751 1123 1805 1164 O.

523 1189 584 1228 M.
612 1183 822 1229 §ACCCA
847 1184 1077 1235 inscribatur,
1113 1182 1393 1232 Αυτωνεινιανῆ
1425 1181 1645 1234 Οτῑῑελιανῆ
1676 1187 1805 1237 Mote-

525 1244 671 1298 κινιανῆ
690 1245 889 1296 Etiam-ot,
923 1257 963 1287 vt
988 1261 1076 1288 cum
1093 1247 1287 1288 Harduino
1313 1247 1387 1300 legi
1414 1251 1476 1296 (t).
1540 1248 1680 1288 Malim
1709 1260 1805 1288 nunc
1846 1263 1848 1265 ·

523 1314 677 1366 quidem
691 1342 701 1361 ,
722 1310 999 1361 Antoniniana,
1018 1308 1228 1364 Opeliana‚
1249 1307 1499 1365 Metropolis,
1518 1308 1667 1365 Edeffz.
1719 1311 1805 1353 An-

523 1376 713 1418 toniniana
743 1374 788 1414 ab
819 1374 1018 1414 Antonino
1051 1371 1240 1414 Caracalla
1280 1373 1452 1413 coloniae
1490 1375 1528 1413 in
1568 1387 1653 1414 eam
1687 1374 1806 1414 dedu-

522 1440 607 1480 erae
640 1437 783 1486 cauffa,
825 1433 1018 1490 Opeliana
1050 1437 1101 1476 ob
1136 1436 1391 1489 metropoleos
1421 1436 1612 1476 honorem
1650 1448 1806 1477 munere

522 1500 652 1554 Opelii
683 1499 844 1541 Macrini
874 1498 978 1552 Imp.
1014 1500 1051 1538 in
1086 1512 1172 1539 eam
1208 1499 1384 1541 delatum.
1466 1501 1682 1541 Antoninus
1711 1499 1804 1541 Ela-

520 1563 669 1619 gabalus
701 1562 1025 1616 Mesopotamiam
1057 1562 1237 1615 neglexit.

671 1665 745 1706 Hic
778 1665 884 1707 status
913 1665 1148 1706 coloniarum
1173 1675 1211 1705 et
1235 1666 1501 1722 metropoleon
1527 1676 1610 1707 ante
1636 1667 1807 1707 Alexan-

527 1729 637 1769 drum
670 1727 849 1769 Seuerum
884 1729 923 1767 in
955 1727 1231 1782 Mesopotamia
1272 1730 1359 1770 fuit.
1458 1728 1495 1769 Is
1533 1730 1673 1770 bellum
1714 1743 1804 1770 cum

525 1792 638 1833 Persis
671 1790 798 1844 geffit,
833 1800 877 1830 vt
907 1803 992 1830 eam
1024 1791 1069 1831 ab
1095 1792 1295 1832 Antonino
1328 1792 1539 1845 neglectam
1568 1794 1624 1842 (tt)
1651 1805 1808 1847 recupe-

525 1863 634 1896 raret.
697 1853 803 1896 Nota
834 1854 887 1894 est
916 1854 1111 1907 Elagabali
1144 1854 1332 1906 socordia,
1365 1856 1451 1909 qui,
1485 1856 1576 1897 dum
1607 1855 1805 1907 lasciuiret,

1680 1928 1804 1959 totum

666 2034 717 2071 (s)
742 2035 760 2062 l.
775 2046 796 2065 c.
813 2045 841 2074 p.
860 2044 926 2075 3²0·
1008 2036 1057 2076 (t)
1086 2039 1120 2067 ln
1139 2036 1253 2068 historia
1272 2037 1413 2069 Osrhoene
1434 2045 1460 2076 p.
1480 2046 1544 2076 191.
1626 2036 1679 2077 (u)
1707 2038 1804 2068 Aelius

528 2075 700 2118 Lampridius
719 2084 743 2106 c.
759 2077 806 2116 56,
