1941 2674
525 93 614 129 260
684 125 686 127 .
830 88 911 129 DE
941 87 1006 128 VI
1038 85 1238 128 VENAE
1275 86 1515 146 AQVEAE

873 199 1347 278 Experimentum
1387 199 1460 256 V.

641 293 809 334 sumtum
843 293 896 333 est
926 294 973 332 ab
1004 293 1085 346 ipso
1119 293 1152 333 C
1159 292 1272 332 lariss‘.
1307 292 1536 341 Bernoctlll'o,
1574 302 1616 333 et
1656 293 1696 332 in
1738 293 1821 334 lau-

521 356 709 397 datiffima
742 356 851 409 ipsius
883 355 1164 395 Differtzitione
1204 354 1458 408 descriptum,
1510 357 1614 395 cuius
1653 356 1823 396 circum-

522 419 676 460 stantias
706 420 755 459 ad
790 431 923 459 meam
956 419 1138 470 Figuram
1170 418 1346 457 referam.
1416 418 1539 458 Erant
1570 419 1698 471 itaque
1739 415 1822 459 ZL

524 493 682 531 ’.ἵ-900
713 491 811 534 part.
859 494 1019 534 quarum
1061 493 1149 530 400
1193 482 1336 520 faciunt
1383 481 1525 532 pedem
1576 480 1785 521 Parilinum
1809 512 1821 532 ‚

526 543 569 585 Y
592 543 697 584 Z:
726 556 815 594 900
845 554 944 597 part.
989 545 1140 597 pondus
1173 544 1213 582 in
1245 542 1264 582 I
1296 542 1504 596 appensum
1537 544 1676 583 dicitur
1718 541 1824 583 fuisse

525 607 645 661 paulo
677 609 801 648 maius
834 619 948 660 quam
990 618 1104 645 1020
1139 603 1213 645 Gr.
1264 605 1411 646 sumam
1453 618 1548 659 ergo
1597 618 1707 644 1021
1748 604 1822 646 Gr.

526 670 623 712 Erat
654 681 785 710 autem
818 671 857 710 in
890 669 1001 709 vetite
1031 670 1099 722 ipsi
1139 668 1316 709 adhibito
1358 667 1617 720 ΗΙΞΤΧ,
1661 666 1827 710 GM:

533 745 589 783 19
625 743 725 785 part.
771 732 921 786 pondus
959 744 1077 784 aquae
1117 731 1353 782 cylindricae
1391 733 1497 772 cuius
1538 732 1729 772 diameter
1767 745 1825 782 92

528 805 568 834 et
601 795 764 835 altitudo
802 808 883 844 131
923 803 1019 848 part.
1055 804 1136 834 erat
1176 806 1257 831 122
1292 793 1490 834 Drachm.
1524 794 1728 844 ve17320
1750 793 1823 835 Gr.

526 857 595 899 Ex
630 858 691 896 his
726 858 893 909 emergit
933 857 1096 897 altitudo
1137 857 1263 896 debita
1303 856 1492 896 celeritati
1540 869 1658 909 aquae
1705 859 1827 898 libere

526 920 735 960 exfilientis
764 929 912 967 :225
952 929 1048 971 part.
1099 919 1246 971 pondus
1287 919 1453 968 cylindri
1501 920 1612 971 aquei
1660 921 1828 960 correcti

528 985 682 1032 :536
719 978 768 1021 G.
810 981 919 1021 huius
959 980 1122 1034 duplum
1156 993 1211 1019 z
1244 989 1374 1028 1072.
1455 980 1686 1022 obseruatio
1731 995 1828 1023 vero

526 1044 612 1097 ipsa
645 1045 754 1084 dedit
784 1045 975 1097 impetum
1009 1055 1126 1096 aquae
1160 1045 1197 1082 in
1232 1042 1451 1083 orbiculum
1485 1056 1663 1082 :1021
1702 1041 1825 1085 Gran.

526 1106 622 1146 hinc
653 1106 825 1146 Theoria
857 1107 978 1146 etiam
1010 1115 1093 1146 tum
1130 1106 1277 1159 pondus
1309 1106 1356 1146 ab
1391 1106 1647 1160 Experientia
1679 1108 1829 1148 indica-

528 1177 614 1210 tum
647 1170 800 1211 exceffit
834 1180 884 1219 51
923 1166 1077 1209 Granis,
1142 1167 1323 1221 Denique

865 1234 1346 1314 Experimentum
1381 1234 1476 1292 VI.

644 1323 813 1364 sumtum
833 1321 901 1362 fuit
930 1335 969 1361 2.
1002 1323 1115 1363 Febr.
1153 1332 1268 1372 1737
1285 1353 1299 1373 ‚
1331 1331 1370 1362 et
1397 1321 1605 1375 repetitum
1643 1332 1683 1373 7.
1714 1324 1830 1367 Febr,

530 1387 725 1441 praesente
744 1385 879 1441 Illzstri
897 1385 1068 1440 Praeside
1081 1416 1092 1436 ,
1109 1395 1147 1424 et
1172 1385 1358 1438 plerisque
1371 1385 1563 1425 Membris
1575 1386 1825 1429 Academiae.

530 1449 691 1490 quenta
711 1458 840 1489 autem
861 1448 930 1488 fuit
948 1449 1122 1489 distantia
1159 1448 1199 1489 N
1215 1447 1247 1488 L
1261 1461 1316 1487 z
1328 1452 1447 1498 4469
1465 1479 1473 1498 ,
1505 1447 1550 1488 M
1566 1447 1669 1488 N:
1683 1461 1796 1500 2015
1817 1482 1829 1503 ‚

530 1514 683 1566 pondus
702 1511 821 1551 totale
842 1512 881 1550 in
900 1510 918 1550 Ι
937 1511 1146 1564 appensum
1172 1522 1288 1561 1549
1309 1508 1380 1552 Gr.
1413 1509 1669 1562 luz-1983
1685 1544 1697 1564 ,
1729 1510 1768 1554 G
1781 1514 1828 1556 M

532 1587 584 1615 :-
601 1579 655 1614 86
669 1606 679 1626 ,
701 1575 855 1614 TX:
870 1587 918 1612 21
932 1578 983 1613 88
1003 1584 1101 1627 part.
1140 1575 1287 1627 pondus
1305 1586 1421 1626 aquae
1441 1574 1673 1624 cylindricae
1687 1606 1699 1626 ,
1727 1578 1832 1617 cuius

533 1639 721 1678 diameter
744 1641 824 1675 128
842 1669 852 1687 ,
873 1638 1034 1677 altitudo
1057 1640 1140 1685 278
1164 1646 1261 1690 part.
1284 1647 1363 1676 erat
1389 1648 1471 1686 190
1494 1633 1567 1676 Gr.
1614 1637 1679 1677 Ex
1698 1640 1835 1690 quibus

531 1702 699 1753 emergit
717 1701 881 1739 altitudo
901 1700 1028 1740 debit-³.
1047 1701 1233 1739 celeritati
1254 1712 1371 1753 aquae
1390 1700 1430 1738 in
1450 1696 1536 1740 GM
1557 1700 1832 1742 exsilientis:

537 1768 651 1813 2478
676 1772 772 1815 part.
802 1763 952 1815 pondus
979 1763 1145 1813 cylindri
1171 1763 1282 1814 aquei
1309 1762 1471 1802 correcti
1499 1767 1658 1813 :764
1676 1760 1749 1803 Gr.
1791 1773 1832 1805 et

533 1826 644 1866 huius
663 1825 821 1877 duplum
842 1838 893 1864 1:
910 1830 1021 1872 1528
1044 1823 1115 1865 Gr.
1184 1823 1392 1877 Colligitur
1411 1834 1542 1865 autem
1571 1838 1623 1865 ex
1651 1825 1833 1867 obserua-

532 1890 641 1928 tione
661 1888 816 1927 πᾶα-1115
838 1889 1002 1940 impetus
1022 1889 1058 1927 in
1077 1888 1292 1927 orbiculum
1313 1888 1388 1928 ΟΡ
1408 1887 1523 1928 fastus
1547 1902 1601 1927 :z
1617 1901 1731 1939 1403
1754 1887 1830 1930 Gr.

534 1953 635 1992 vnde
656 1951 773 1989 rursus
793 1951 963 1991 Theoi-ia
982 1952 1130 2006 pondus
1147 1951 1194 1992 ab
1213 1951 1452 2005 experientia
1470 1951 1685 1993 indicatum
1713 1964 1832 1993 exce-

536 2015 594 2056 dit
618 2028 634 2054 1
646 2024 696 2062 25
722 2010 875 2053 Granis.

1681 2077 1829 2121 TEN-
