1941 2674
527 97 620 144 354
902 87 990 131 DE
1020 84 1193 131 Ntho
1225 82 1423 130 MJ‘SEI

516 206 636 246 Verus
665 219 732 258 per
760 201 918 246 Statium
943 205 1127 253 Priscum,
1160 205 1338 244 Auidium
1368 202 1533 244 Caffium
1561 211 1598 242 et
1617 203 1806 244 Marcium

516 269 666 311 Verum
684 301 693 314 ,
727 270 905 316 Parthos,
938 278 978 306 vt
996 268 1108 307 habet
1127 265 1344 307 Chronicon
1364 268 1590 308 Edeflenum
1612 268 1690 318 (k),
1724 267 1806 306 sub.

517 334 619 384 egit,
651 331 730 371 hoc
758 332 835 380 est,
872 330 1201 383 Mesopotamiam.
1227 331 1469 383 recuperauit.
1535 330 1680 379 Prima,
1709 329 1809 383 quod

513 395 678 442 constet,
714 395 888 443 colonia,
922 394 1077 432 detinet-„1
1112 394 1163 433 est
1193 391 1362 432 Carrhas.
1428 393 1534 433 Nam
1569 405 1700 432 numus
1732 393 1811 431 eius

516 457 659 504 exstat,
699 457 916 509 inscriptus:
968 456 1104 496 KOA.
1139 456 1262 496 ΑΥΡ.
1296 455 1626 496 ΚΑΡΡΗΝΩΝ.
1658 452 1809 495 Colonia

517 519 678 561 Aurelia
711 518 1003 561 Carrhssnorum.
1082 518 1140 560 Ea
1172 519 1306 559 deinde
1331 549 1343 568 ,
1387 518 1433 559 L.
1465 519 1573 558 Vero
1603 518 1804 567 defundtm

514 595 605 625 cum
637 583 920 636 Mesopotamia
953 581 1111 634 regenda
1145 582 1291 622 daretur
1325 582 1469 621 Auidio
1501 579 1649 630 Caffio,
1690 594 1711 621 a
1744 579 1805 621 M.

516 646 720 686 Antonino
759 648 874 687 etiam
910 644 1170 697 metropoleos
1208 646 1354 697 primae
1388 644 1564 696 dignitate
1604 644 1711 684 aucta
1741 644 1807 684 est.

518 708 628 749 Nam
655 722 789 749 numus
815 710 890 747 eius
907 709 946 747 in
964 707 1219 747 cimeliarchio
1239 709 1353 760 Regis
1370 708 1544 748 Franciae
1561 705 1638 755 (l):
1672 707 1806 747 KOA.

522 771 646 812 ΑΥΡ.
680 771 1017 812 ΚΑΡΡΗΝΩΝ.
1047 770 1244 810 ΦΙΛΟΡ.
1276 772 1335 811 Μ.
1364 772 1416 811 Α.
1449 769 1661 822 Angustias
1690 763 1810 822 Καθ’-

515 830 635 889 ξηνῶν
668 830 965 887 Φιλοᾶωμάιων
1000 828 1330 884 ᾈῙητᾱοωόλεως
1367 829 1574 884 πρώτης,
1621 833 1812 885 inscriptus

517 896 646 938 exstat.
719 896 766 936 In
802 896 944 936 auerfit:
982 896 1114 934 MAP.
1145 896 1269 934 ΑΥΡ.
1300 897 1496 935 ΦΙΛΟΡ.
1527 895 1587 934 Μ.
1618 896 1670 935 Α.
1698 896 1809 937 AIP.

518 954 684 1010 Μάεκῳ
741 959 937 1009 Anemo
997 956 1276 1010 Φιλοςςωμαῖοι
1328 953 1645 1008 ΜηἾεοτῡ-όλεως
1701 954 1801 1014 'ngui-

523 1032 598 1068 ’της
631 1033 724 1060 mmo
759 1019 882 1061 CXI.
961 1018 1070 1059 Hunc
1102 1031 1243 1058 annum
1277 1019 1480 1058 Harduinus
1511 1033 1598 1060 cum
1631 1019 1812 1073 Septem-

515 1083 573 1122 bri
609 1084 664 1125 A.
700 1083 750 1123 V.
790 1081 836 1123 C.
880 1095 986 1132 924.
1035 1092 1073 1121 et
1120 1088 1213 1120 110.
1253 1080 1314 1122 M.
1353 1082 1537 1122 Antonini
1583 1083 1808 1136 coniungit,

516 1146 620 1189 cuius
652 1147 850 1186 sententiae
882 1144 1015 1185 caussas
1044 1145 1160 1185 edidit
1194 1144 1437 1195 nullas·(m).
1502 1144 1590 1185 Nos
1620 1158 1708 1185 cum
1741 1146 1809 1187 illo

521 1206 804 1253 Carrhenorum
834 1220 957 1257 annO,
1002 1208 1054 1248 A.
1082 1208 1137 1247 V.
1166 1204 1214 1246 C.
1249 1211 1354 1258 926.
1389 1217 1451 1247 ant
1482 1219 1589 1257 927.
1623 1210 1730 1248 certis
1759 1211 1810 1251 de

518 1270 644 1311 cauffis
669 1272 973 1324 compar-animus
998 1275 1070 1319 (n).
1133 1269 1285 1310 Deinde
1303 1268 1468 1310 Carrhae
1495 1271 1555 1311 sub
1581 1268 1813 1313 Commodo

518 1334 725 1387 cunc'tisque
750 1333 1031 1387 Imperatorum
1070 1343 1281 1373 ceterorum
1323 1334 1360 1372 in
1396 1334 1538 1383 mimis,
1572 1344 1811 1375 tantummo-

522 1397 577 1437 do
611 1397 850 1449 metropolis.
946 1397 1190 1437 Obseruatum
1224 1397 1278 1436 est
1309 1409 1329 1436 a
1360 1395 1504 1436 Ioanne
1535 1396 1695 1437 Valente
1737 1400 1809 1446 (ο)

519 1457 713 1511 Singaram
746 1461 793 1500 ad
826 1460 1024 1511 Tigridem
1059 1458 1095 1499 in
1129 1471 1252 1499 numo
1284 1457 1411 1499 Seueri
1445 1459 1650 1505 Alexandri
1682 1461 1809 1502 AYP.

525 1520 642 1566 Cen.
678 1524 814 1566 KOA.
851 1520 1104 1565 ΣΙΝΓΑΡΑ
1144 1523 1217 1562 dici
1237 1552 1249 1568 ,
1297 1523 1419 1575 itaque
1454 1523 1577 1562 eidem
1611 1524 1758 1564 videtur
1789 1538 1811 1566 a

520 1585 657 1627 Marco
695 1596 734 1626 et
776 1587 896 1626 Lucio
925 1586 1031 1626 Vero
1072 1586 1224 1626 colonia
1265 1598 1308 1625 ea
1348 1596 1430 1626 ante
1469 1585 1698 1639 Septimium
1740 1588 1811 1628 de*

521 1649 653 1699 ducta,
687 1649 787 1690 vnde
820 1650 1004 1702 appellata
1038 1648 1144 1689 fuerit
1175 1648 1349 1690 Aurelia.
1433 1647 1507 1689 Sed
1541 1661 1589 1688 an
1620 1650 1811 1704 superstite

522 1711 630 1752 Vero
649 1743 660 1762 ,
713 1725 760 1752 an
792 1713 924 1753 deinde
955 1726 977 1753 a
1007 1711 1088 1752 solo
1120 1712 1256 1752 Marco
1295 1711 1444 1752 definiri
1484 1713 1579 1753 item
1612 1725 1688 1754 non
1721 1723 1812 1767 pot-

523 1775 587 1816 est.
653 1773 836 1815 Similiter
867 1776 904 1815 in
940 1788 1061 1816 numo
1094 1775 1261 1828 Philippi
1293 1775 1432 1816 Nisibis
1461 1775 1587 1824 Iulia,
1625 1774 1809 1827 Aurelia,

525 1834 712 1891 Septimia
739 1838 876 1890 signata
902 1838 967 1878 est.
1034 1840 1110 1881 Res
1136 1838 1243 1891 geffit
1267 1838 1306 1878 in
1333 1838 1613 1891 Mesopotamia
1639 1839 1685 1879 L.
1714 1839 1812 1894 Sep-

522 1901 650 1941 timius
680 1899 858 1951 Seuerus,
891 1914 1075 1955 nouasque
1106 1902 1257 1941 deduxit
1286 1901 1455 1942 colonias
1485 1912 1547 1943 aut
1581 1913 1724 1942 veteres
1751 1904 1811 1943 in-

1712 1967 1810 2007 stau-

669 2040 721 2075 (k)
746 2039 763 2065 1.
779 2048 793 2066 c
823 2048 848 2075 p.
862 2048 928 2075 390,
997 2039 1044 2075 (Ζ)
1069 2041 1108 2068 10.
1127 2040 1284 2067 Harduinus
1302 2041 1331 2066 in
1350 2040 1439 2066 numis
1458 2041 1564 2068 vrbiutn
1583 2040 1719 2070 illustratis
1732 2042 1808 2079 1280.

526 2078 568 2105 ed.
587 2079 674 2106 Amst.
751 2078 812 2114 (m)
836 2079 935 2115 Neque
956 2078 973 2105 1.
989 2088 1010 2106 c,
1031 2088 1120 2116 neque
1141 2081 1169 2106 in
1190 2079 1379 2115 chronologia
1399 2077 1435 2109 V.
1445 2080 1481 2111 T,
1503 2090 1529 2118 p,
1550 2081 1618 2119 636.
1696 2081 1747 2122 (n)
1770 2083 1808 2112 In.

526 2118 637 2147 historia
658 2117 797 2146 Osrhoena
816 2127 845 2155 Ρ.
863 2119 927 2151 186,
969 2118 1023 2157 (o)
1048 2120 1142 2148 Tomo
1163 2122 1200 2151 11.
1222 2129 1250 2159 p.
1272 2127 1337 2151 122·
1359 2127 1386 2148 et
1403 2128 1431 2158 p.
1455 2130 1519 2160 197,
