1941 2674
513 111 530 138 ι
543 112 564 149 3
574 114 600 148 4
817 96 940 141 SOL!
945 99 1025 140 r'TI
1029 96 1065 139 O
1098 95 1363 138 PROBLEM
1372 96 1473 138 ATI
1475 96 1505 138 S

507 215 548 255 in
581 214 621 254 A
660 225 728 267 per
767 212 929 253 alterurn
980 222 1159 267 pontem.
1256 210 1326 252 Sin
1379 221 1510 252 autem
1562 212 1689 252 viator
1739 224 1792 253 ex

507 278 582 318 alia
616 277 777 330 regione
809 274 958 316 cursum
989 276 1203 329 inceperit,
1247 284 1331 315 tum
1373 273 1491 316 semel
1532 283 1685 315 tantum
1728 273 1798 314 lit·

507 349 588 380 tera
622 340 660 379 A
695 348 892 389 occurret,
925 337 1044 378 semel
1075 339 1183 378 enim
1216 338 1335 391 posita
1355 347 1438 378 tam
1463 338 1671 379 aduentum
1697 337 1738 378 in
1755 342 1796 387 Α

508 415 627 456 quam
658 401 813 442 exitum
844 401 936 443 inde
965 401 1194 454 denotabit,
1229 411 1273 442 vt
1307 400 1535 444 huiusmodi
1566 400 1693 443 cursus
1725 400 1798 442 de-

510 466 657 519 fignare
691 464 816 506 statui.

624 561 657 610 §.
679 573 693 598 t
707 573 745 599 2.
764 556 999 600 Conducant
1016 557 1096 601 iam
1117 567 1281 613 quatuor
1299 567 1438 614 pontes
1457 558 1495 599 in
1516 559 1717 612 regionem
1741 558 1798 612 A,

509 632 550 663 et
582 624 709 663 viator
746 636 798 663 ex
830 624 869 664 A
894 621 1046 663 cursum
1077 623 1262 676 incipiat,
1295 633 1378 663 tum
1398 623 1714 676 in‘defignatione
1733 632 1802 663 to·

510 687 583 762 t'sus
614 685 740 751 cjirsus
774 688 901 726 littera
933 686 973 726 A
1006 695 1064 727 ter
1096 683 1220 726 adeffe
1253 686 1432 738 debebit,
1474 686 1500 726 fi
1540 686 1698 739 quidem
1730 697 1801 739 per

509 749 677 801 nngfflos
708 749 828 790 semel
859 748 1063 789 transierit.
1123 749 1179 790 At
1211 749 1238 790 fi
1269 760 1321 789 ex
1352 749 1426 790 alia.
1467 749 1628 801 regione
1659 749 1804 790 ambu-

510 812 592 852 lare
629 813 843 866 inceperit,
878 821 961 852 tum
994 811 1050 852 bis
1083 821 1235 853 tantum
1267 811 1396 853 littera
1427 811 1465 853 A
1500 821 1691 853 occurret.
1755 810 1802 853 Si

512 874 579 914 sex
611 885 748 928 pontes
783 876 830 915 ad
863 876 1067 927 regionem
1099 876 1139 917 A
1173 876 1418 927 conducant,
1457 885 1540 914 turn
1574 875 1704 915 littera
1735 875 1800 926 A,

513 938 542 978 fi
579 950 631 976 ex
664 938 702 978 A
737 938 892 976 initium
926 939 1039 978 eundi
1082 939 1134 977 est
1175 938 1368 988 sumtum,
1419 948 1552 990 quater
1599 948 1799 989 occurret,

514 1009 554 1040 at
585 1000 613 1040 fi
645 1012 725 1040 non
758 1011 808 1040 ex
842 1000 880 1040 A
913 1000 1028 1040 initio
1061 1001 1200 1040 exierit
1234 1000 1386 1050 viator,
1428 1010 1512 1040 tum
1552 1010 1612 1041 ter
1651 1009 1803 1041 tantum

516 1075 722 1103 occurrere
755 1062 926 1103 debebit.
993 1063 1124 1119 Quare
1156 1062 1386 1116 generaliter
1419 1063 1444 1103 fi
1477 1075 1657 1103 numerus
1701 1075 1806 1116 pon-

517 1127 618 1166 tium
653 1126 767 1165 fuerit
800 1138 889 1178 par,
922 1138 1005 1165 tum
1038 1127 1120 1166 eius
1151 1126 1358 1166 dimidium
1393 1126 1459 1167 dat
1500 1139 1708 1167 nnmerum
1741 1126 1806 1167 vi-

516 1190 648 1239 cium,
682 1189 819 1241 quibus
851 1189 980 1228 littera
1013 1190 1052 1230 A
1084 1201 1285 1229 occurrere
1317 1189 1454 1240 debet,
1489 1189 1517 1229 ss
1549 1189 1704 1229 initium
1725 1201 1805 1228 non

517 1251 570 1291 est
588 1252 629 1290 in
646 1252 808 1302 regione
827 1251 866 1291 A
887 1252 1081 1305 sumtum,
1114 1252 1325 1292 dimidium
1354 1265 1450 1291 vero
1477 1252 1626 1291 vnitate
1652 1251 1805 1292 auctum

517 1314 623 1354 dabit
655 1326 860 1354 numerum
895 1315 1068 1365 vicium,
1101 1315 1252 1367 quoties
1281 1314 1409 1356 littera
1441 1314 1481 1354 A
1516 1326 1718 1355 occurrere
1735 1315 1808 1356 de-

519 1377 609 1428 bet,
641 1377 756 1416 initio
791 1375 916 1417 cursus
947 1377 986 1416 in
1020 1376 1097 1430 ipsa
1131 1377 1292 1429 regione
1327 1378 1362 1417 A
1396 1377 1532 1417 sumto.

637 1474 668 1523 §.
712 1485 781 1522 13.
817 1472 921 1528 Quia
954 1482 1084 1513 autem
1119 1474 1159 1512 in
1192 1472 1258 1512 tali
1299 1473 1405 1512 cursu
1447 1473 1596 1513 nonnifi
1637 1484 1687 1512 ex
1731 1484 1807 1514 vna

520 1536 682 1589 regione
714 1535 867 1575 initium
901 1535 989 1575 fieri
1021 1536 1170 1589 potest,
1204 1536 1292 1575 ideo
1325 1547 1375 1576 ex
1411 1547 1577 1575 numero
1610 1536 1808 1588 pontium,

521 1604 588 1652 qui
619 1599 658 1638 in
692 1599 870 1652 quamuis
904 1600 1107 1651 regionem
1143 1599 1359 1650 deducunt,
1405 1599 1455 1639 ita
1497 1611 1703 1639 numerum
1746 1599 1809 1640 vi..

523 1662 650 1711 cium,
683 1662 836 1714 quoties
867 1661 992 1702 littera
1037 1674 1228 1714 quamque
1267 1662 1470 1714 regionem
1512 1662 1700 1701 denotans
1737 1675 1810 1702 oc-

524 1737 678 1764 currere
710 1724 848 1775 debet,
879 1724 1052 1776 definio,
1087 1735 1131 1764 vt
1162 1724 1310 1765 sumam
1347 1725 1497 1764 numeri
1517 1725 1699 1777 pontium
1720 1725 1809 1765 vni-

526 1797 604 1827 tate
635 1787 735 1828 auc'ti
766 1787 994 1837 dimidium,
1027 1788 1053 1828 ss
1090 1799 1267 1828 numerus
1299 1788 1480 1840 pontium
1511 1787 1623 1827 fuerit
1654 1788 1807 1842 impar,

524 1849 637 1902 ipfius
671 1861 766 1889 vero
799 1851 952 1890 numeri
984 1851 1167 1904 pontium
1201 1850 1485 1901 medietatem,
1517 1850 1542 1890 fi
1574 1849 1690 1890 fuerit
1724 1863 1807 1904 par.

525 1910 685 1953 Deinde
718 1913 745 1953 si
778 1924 959 1953 numerus
996 1913 1177 1953 omnium
1209 1913 1355 1954 vicium
1389 1913 1572 1966 adaequet
1602 1925 1810 1956 numerum

526 1975 708 2029 pontium
740 1977 888 2016 vnit-ate
923 1975 1103 2028 auctum,
1138 1985 1222 2017 tum
1256 1975 1424 2016 tranfitus
1457 1975 1687 2018 desideratus
1725 1975 1810 2015 suc-

526 2037 653 2092 cedit,
689 2048 727 2080 at
759 2038 915 2080 initium
949 2051 1001 2080 ex
1030 2040 1213 2094 regione,
1249 2040 1289 2080 in
1322 2051 1438 2094 quam
1471 2039 1600 2093 impar
1625 2039 1809 2092 pontium

1672 2113 1811 2144 nume-
