1941 2674
226 75 306 117 DE
336 74 696 136 ρῙἎΝΤΙΤΑΤΕ
729 74 934 119 MOTVS
968 74 1300 122 SANGVINIS.
1335 91 1420 131 333

107 191 251 232 iudicio
285 193 581 245 determinauit‚
615 192 795 234 concessis
826 193 1052 246 quibusdam
1086 195 1281 247 postulatis
1321 197 1432 238 facile

105 254 339 308 adquiescere
374 256 580 309 poliimus,
615 258 738 296 donec
772 258 938 296 maiores
971 258 1188 309 progressus
1230 261 1269 298 in
1311 274 1427 313 prae-

103 318 344 358 liminarium
380 319 689 372 propositionum
721 319 966 372 acquisitione
1003 332 1080 371 ope
1113 323 1426 364 anatomicorum

103 391 217 434 atque
257 381 576 432 hydraulicorum
629 384 990 436 experimentorum
1044 395 1087 421 ac
1140 385 1425 438 principiorum

101 443 319 484 fecerimus.
390 444 466 484 Sed
501 445 577 484 hoc
613 447 887 486 tantummodo
921 457 1032 496 agere
1059 447 1300 499 propositum
1323 450 1424 490 mihi

101 507 178 558 cst,
231 517 270 547 vt
303 508 341 547 in
374 517 548 547 naturam
592 518 670 549 tam
728 508 958 561 quaestionis
1010 520 1123 560 quam
1167 509 1425 562 responsionis

98 569 352 623 inquirendo,
397 582 576 610 normam
611 583 650 611 et
680 572 844 610 cautelas
885 570 1028 623 aliquas
1072 572 1274 625 detegam,
1314 575 1422 616 iuxta

98 645 190 686 quas
220 633 283 673 vel
318 631 416 672 milii
458 634 522 672 vel
562 634 647 673 aliis
688 635 788 673 circa
830 633 928 672 hanc
974 634 1178 672 materiam
1225 637 1422 678 versituris

97 696 427 748 progrediendum
461 696 556 745 erit,
601 706 644 735 vt
682 698 729 736 ad
765 696 987 750 pleniorem
1027 696 1279 748 problematis
1318 698 1421 741 solu-

94 759 244 798 t10uem
282 758 381 797 olim
418 759 697 810 perueniamus.

209 823 243 870 ς.
285 832 323 859 2.
359 820 422 860 Ad
455 820 656 872 problema
690 821 806 872 igitur
824 819 1050 866 soluendum
1079 830 1168 860 ante
1197 823 1333 864 omnia
1352 837 1419 865 re-

91 882 268 935 quiritur,
303 892 346 922 vt
379 882 480 922 resta
517 883 710 923 methodo
743 882 838 922 illud
874 883 1161 935 aggrediamur,
1196 885 1350 938 deinde,
1373 897 1418 928 vt

90 954 194 985 certa
227 946 410 999 quaedam
445 946 559 996 data,
595 947 655 985 seu
691 946 960 995 conditiones,
996 958 1092 998 quae
1112 947 1322 988 necessario
1342 963 1416 991 co-

89 1009 219 1060 gnitae
252 1007 326 1048 esse
359 1009 521 1058 debent,
573 1009 664 1048 iuste
700 1008 1018 1048 determinemus.
1089 1007 1302 1050 Methodus
1342 1026 1415 1053 au-

89 1080 172 1110 tem
207 1071 246 1110 in
281 1084 330 1110 co
365 1071 553 1120 consistit,
590 1081 658 1121 vt,
693 1071 1025 1124 quemadmodum
1063 1071 1102 1110 in
1135 1073 1248 1112 omni
1282 1085 1411 1128 motu,

87 1133 348 1173 consideretur
380 1143 460 1172 tam
500 1134 616 1174 massa
649 1134 836 1186 sanguinis
872 1133 1089 1182 mouenda,
1133 1146 1249 1187 quam
1297 1138 1412 1179 velo-

89 1196 184 1236 citas
203 1198 306 1245 cius,
340 1208 435 1250 quae
471 1209 521 1236 ex
554 1196 701 1250 spatio,
736 1197 827 1236 dato
862 1205 1039 1249 tempore
1073 1197 1269 1250 percurso,
1296 1201 1411 1241 aesti-

90 1259 191 1300 mari
223 1259 350 1299 debet.
414 1258 489 1298 Hic
520 1270 649 1299 autem
684 1269 815 1299 motus
845 1271 934 1298 cum
969 1258 1138 1310 sanguini
1172 1272 1252 1299 non
1285 1262 1411 1304 sitin-

87 1321 196 1372 situs,
232 1335 301 1362 nec
333 1321 494 1361 fortuito
527 1332 755 1374 generetur,
807 1335 856 1362 eo
899 1320 978 1374 ipso
1022 1321 1319 1364 manuducimur
1357 1327 1406 1367 ad

85 1385 339 1437 indagandam
374 1386 626 1438 quantitatem
662 1396 791 1425 motus
835 1384 1025 1436 sanguinis
1065 1395 1115 1423 ex
1157 1386 1272 1426 corde
1314 1388 1409 1430 dato

86 1456 268 1501 tempore
302 1449 613 1501 prorumpentis,
647 1458 686 1487 et
719 1459 838 1500 porro
858 1449 903 1487 ad
925 1446 1160 1486 scrutandam
1184 1449 1405 1493 mensuram

85 1511 283 1562 potentiae
316 1512 466 1560 cordis,
503 1523 595 1564 qnae
629 1511 687 1550 isti
720 1510 907 1563 sanguinis
940 1510 1113 1563 portioni
1146 1520 1301 1554 motum
1321 1514 1405 1555 im·

85 1574 236 1627 primit.

198 1638 231 1686 §-
257 1649 298 1685 3.
335 1637 458 1679 Reae
494 1638 610 1689 igitur
642 1636 808 1676 omnino
841 1644 1000 1689 egerunt
1033 1636 1091 1676 isti
1129 1637 1211 1678 bini
1231 1639 1316 1680 Viri
1337 1642 1404 1682 in·-

79 1698 353 1751 geniosissimi,
395 1710 436 1740 vt
475 1700 675 1753 separatim
720 1701 850 1752 primo
882 1700 930 1738 de
972 1699 1167 1740 celeritate
1211 1701 1402 1755 sanguinis

83 1763 123 1801 in
159 1761 252 1802 vasis
288 1762 358 1802 suis
391 1765 508 1813 moti,
541 1764 648 1802 etde
680 1763 890 1815 quantitate
923 1760 1036 1801 huius
1066 1772 1198 1803 motus
1231 1767 1399 1819 egerint,

79 1834 166 1864 tum
199 1837 295 1864 vero
331 1828 369 1865 in
403 1827 619 1878 potentiam
654 1826 782 1866 cordis
802 1825 1083 1878 inquifiuerint,
1118 1838 1214 1878 quae
1241 1838 1400 1870 motum

78 1887 209 1940 positis
230 1887 304 1927 istis
323 1889 609 1928 conditionibus
623 1919 633 1938 ‚
674 1889 884 1940 producere
904 1885 1056 1940 posset,
1091 1891 1268 1939 quamuis
1287 1901 1398 1932 vter-

76 1962 150 2002 que
193 1950 297 1989 viam
339 1951 386 1991 ab
426 1951 549 1991 altero
592 1951 780 1991 diuersam
817 1951 1021 1990 incesserit.
1086 1949 1187 1991 Cum
1234 1963 1393 2007 autem,

75 2023 119 2053 vt
138 2011 217 2054 Cel.
239 2013 387 2056 larinus
405 2015 557 2070 optime
579 2014 716 2056 iudicat
730 2045 742 2066 ,
761 2024 800 2055 ct
819 2025 890 2054 nos
910 2011 1007 2069 Cap.
1018 2011 1072 2054 11.
1093 2015 1391 2068 quodammodo

1328 2089 1393 2121 at-
