1941 2674
359 558 825 618 METHODVS
862 554 1384 615 VNIVERSALIS
1419 547 1424 553 ’

202 650 721 802 SERIERVMS
730 650 947 804 8313}
934 648 1323 800 ΣᾎΕὸΚῧΕΝ
1332 643 1588 719 TIVM

433 842 602 900 QVAM
636 840 905 884 PRoxnuE
936 836 1311 882 INVENIENDI.

742 929 1033 967 AVCTORE

642 988 843 1050 Leozzh.
880 987 1098 1048 Eulero.

817 1145 849 1194 ς.
892 1155 930 1181 1.

146 1268 366 1540 INcidi
402 1270 482 1311 iam
515 1270 672 1324 pridem
707 1271 746 1310 in
781 1270 1016 1324 peculiarem
1056 1268 1239 1310 serierum
1273 1268 1441 1311 summas
1474 1257 1583 1288 T²b¹¹¹⁸
1603 1257 1627 1286 ¹·

277 1335 461 1387 proxime
494 1334 716 1374 inueniendi
750 1335 943 1385 modum,
976 1333 1042 1387 qui
1074 1334 1331 1386 integratione
1350 1346 1442 1387 per-

276 1397 500 1446 ficiebatur,
534 1408 574 1435 et
592 1397 804 1437 admodum
825 1397 936 1436 sicile
956 1397 1120 1436 cuiusuis
1148 1397 1258 1436 seriei
1288 1409 1443 1450 propo-

278 1461 366 1499 sitae
388 1460 657 1511 conuergentis
678 1460 869 1498 summam
892 1459 1114 1498 exhibebat.
1183 1459 1289 1500 Dedi
1318 1461 1440 1499 etiam

278 1522 390 1562 huius
423 1521 604 1562 methodi
637 1521 847 1574 specimina
880 1522 958 1561 iam
980 1523 1211 1574 aliquoties,
1242 1523 1282 1561 in
1301 1520 1442 1562 differ-

145 1589 295 1627 tatione
326 1586 373 1625 de
406 1585 569 1625 seriebus
602 1584 866 1637 harmonicis·⁷
904 1597 992 1624 eam
1025 1593 1156 1625 autem
1176 1585 1284 1626 fufius
1310 1598 1442 1638 expo-

148 1662 240 1690 nere
274 1649 470 1700 magisque
512 1647 696 1701 perficere
738 1656 823 1687 tum
875 1649 1066 1701 temporis
1119 1661 1199 1688 non
1249 1648 1438 1699 vacabat,

149 1712 298 1752 etiamfi
331 1710 586 1764 perspicerem
621 1723 672 1750 ex
705 1724 748 1750 ea
790 1710 913 1751 multa
963 1711 1156 1764 praeclara
1197 1711 1353 1751 subsidia
1393 1712 1440 1752 ad

149 1775 450 1815 summationem
483 1772 665 1813 serierum
703 1772 809 1827 posse
842 1775 1022 1814 deriuari.
1088 1775 1171 1815 Hac
1212 1784 1342 1814 autem
1377 1787 1442 1814 ra-

150 1838 259 1877 tione
290 1837 471 1876 serierum
505 1835 805 1876 summationem
849 1838 896 1877 ad
936 1839 1236 1890 integrationem
1278 1838 1440 1878 reduce-

151 1900 256 1940 bam.
321 1900 449 1940 Posito
469 1912 633 1939 numero
653 1902 912 1940 tertrinorum
935 1913 977 1951 n,
999 1914 1214 1954 eorumque
1234 1900 1383 1942 summa
1401 1913 1436 1952 s,

151 1963 178 2004 fi
212 1962 349 2002 crescat
381 1975 403 2002 n
436 1963 605 2013 vnit-ate,
639 1963 814 2004 summae
847 1977 866 2005 s
896 1975 1147 2016 augmentum
1183 1966 1256 2003 erit
1297 1965 1439 2004 termi-

150 2038 218 2066 nus
250 2026 356 2066 seriei
388 2025 566 2079 sequens,
600 2028 665 2079 qui
698 2040 767 2080 per
802 2028 1004 2068 ndabitur.
1071 2027 1132 2068 Sit
1151 2028 1182 2067 is
1199 2041 1252 2081 x,
1288 2028 1436 2080 critque

711 2091 757 2130 A*
787 2103 810 2128 2
1407 2101 1436 2129 x
