1941 2674
409 53 761 96 PLAXTARJ'M
800 52 1042 96 GENERA.
1297 65 1382 103 219

253 171 360 211 Folia
393 172 542 210 obtinet
576 171 832 222 vtplurininm
865 172 1090 222 coniugata,
1125 170 1275 210 subinde
1312 181 1391 211 ter-

102 246 150 273 na
189 246 251 274 :tut
285 246 488 287 quaterna,
522 236 696 285 xtriuque
732 236 944 285 augustata,
985 235 1023 272 in
1068 234 1199 272 medio
1233 236 1389 274 xnciam

102 300 256 336 circiter
289 298 388 347 lata,
431 296 734 349 lesquipollieem
779 298 916 349 longa,
958 296 1114 349 superne
1155 296 1252 335 laete
1292 298 1391 336 viri-

102 361 188 410 dia,
226 360 366 398 inferne
403 360 630 411 pallidiora,
673 360 858 410 pediculis
907 360 1017 398 valde
1060 360 1230 398 breuibus
1271 360 1390 399 ramis

102 424 332 475 ramulis-que
367 423 413 461 ad
448 422 660 460 i‘emucialia
696 423 779 474 plus
812 423 937 462 minus
972 422 1171 461 interualla
1205 423 1354 462 adnata.

215 517 467 558 summitates
501 526 580 555 tam
615 529 815 555 ramorum
849 528 963 567 quam
985 518 1226 556 ramulorum
1250 517 1388 555 termi-

99 589 239 619 nantur
273 580 311 618 in
345 579 458 631 spicas
490 578 647 630 longag„
682 579 787 617 laxas
828 579 971 618 florum
1013 581 1205 618 luteorum
1241 578 1392 630 specio-

94 641 226 681 sorum
241 673 251 691 .,
272 640 631 693 inouopetalortiiu,
653 641 912 679 tabulatorum
927 671 937 690 ,
971 641 1010 679 in
1031 651 1195 692 quatuor
1213 640 1391 692 segmen-

98 713 136 744 ta
187 704 397 756 inaequalia
447 703 716 752 diffcetorum,
779 715 946 754 quorum
996 702 1160 754 superius
1209 702 1389 754 amplum

99 767 236 817 valde,
272 766 529 814 fornicatum,
563 763 718 803 iuferius
752 776 848 803 vero
881 774 920 803 et
954 764 1123 804 lateralia
1157 765 1282 804 multo
1310 764 1389 803 rni-

95 841 194 869 nora
230 829 312 869 sunt
341 839 380 867 et
412 827 627 866 extrorsum
664 826 778 866 flexa.
845 827 891 866 In
923 827 1066 867 horum
1110 828 1243 867 medio
1287 839 1388 866 con-

96 892 306 946 spiciuntur
340 892 500 931 stamina
544 891 616 930 duo
657 889 913 941 crassiuscula,
966 889 1158 942 sulphurei
1208 889 1381 941 eoloris,

94 955 267 1009 apicibus
299 953 560 1003 subrotundis,
593 953 868 992 concolor-ibus
902 954 1097 1006 praedita3
1142 953 1242 991 inter
1289 951 1389 992 haec

92 1028 227 1058 autem
259 1018 444 1072 pistillum
475 1016 645 1055 eiusdem
680 1027 769 1054 cum
804 1016 1024 1055 staminibus
1053 1015 1217 1066 coloris,
1251 1014 1386 1067 longi-

97 1081 242 1121 tudinis
271 1090 311 1120 et
342 1079 530 1119 crassitiei.
616 1076 744 1128 Calyx
792 1078 905 1118 valde
947 1079 1070 1117 breuis
1109 1078 1188 1128 cst,
1239 1089 1391 1117 mono-

96 1143 282 1197 phyllus‚
333 1143 491 1195 viridis,
541 1141 707 1194 superius
746 1142 787 1181 in
831 1141 962 1181 obtusa
1003 1141 1152 1194 aliquot
1190 1139 1387 1193 segmenta

98 1205 288 1247 dissectus.

215 1299 391 1341 Floribus
421 1299 614 1341 succedunt
649 1299 790 1340 fruetus
822 1300 992 1352 carnosi,
1036 1300 1209 1353 globosi,
1251 1299 1384 1352 primo

97 1363 262 1413 virides,
306 1375 376 1416 per
406 1366 670 1404 maturitatem
722 1363 984 1415 flauescentes,
1035 1365 1142 1403 nucis
1190 1362 1387 1414 Iuglandis

95 1426 386 1479 magnitudine,
417 1438 531 1466 carne
563 1426 707 1477 multa,
739 1427 880 1480 pallida
920 1427 1108 1479 praediti,
1147 1434 1187 1465 et
1226 1424 1385 1464 officulo

96 1488 195 1530 foeti
226 1497 368 1540 ouato,
411 1489 532 1529 dilute
571 1488 696 1536 fusco,
750 1490 872 1540 laeui,
922 1490 961 1528 in
1005 1491 1084 1530 duo
1125 1487 1384 1529 loculamenta

98 1551 245 1604 diuiso,
293 1553 335 1592 in
376 1552 512 1605 quibus
554 1552 682 1592 nuclei
723 1553 993 1604 eontinentur,
1045 1552 1124 1593 albi
1171 1552 1272 1590 intus
1312 1561 1385 1589 co-

98 1614 210 1656 loris.

211 1707 539 1751 MICHELIAE
570 1722 716 1750 nomen
748 1711 838 1752 huic
870 1710 1021 1764 plantae
1055 1707 1223 1762 imposui
1256 1722 1276 1750 a
1308 1709 1384 1750 Pe-

95 1781 160 1812 tro
193 1773 372 1814 Antonio
409 1773 631 1822 Michelio‚
684 1774 937 1825 Florentino,
987 1772 1145 1813 Ioannis
1203 1769 1384 1813 Gastonis

93 1834 234 1889 Magni
264 1836 443 1878 Etruriae
476 1835 616 1888 Ducis,
651 1833 846 1878 Botanico
877 1837 1149 1877 celeberrimo.

654 2033 722 2077 Ee
1294 2029 1376 2074 DE

755 2045 781 2073 b
