1941 2674
539 102 632 146 440
672 84 1161 136 OBSERVATIONES
1194 77 1676 131 ASTRONOMICAE

935 202 970 246 1.
1015 203 1436 248 OBSERVATIO

686 264 1142 324 AVRORAE
1194 260 1683 336 BOREALffi,

592 346 736 383 VISAE
770 345 934 382 NOCTE
976 345 1276 389 INSEQVENTE
1309 344 1429 379 DIEM
1462 358 1577 380 xx1x.
1609 341 1781 380 MARTII

864 397 900 426 M
914 397 940 425 n
951 395 1002 426 cc
1013 397 1148 426 xxxix.
1170 395 1322 426 ΗΑΒιτΑ
1344 395 1518 426 ΡΛτΑνιι.

540 507 753 643 LEnis
778 545 981 586 subsolanus
1009 545 1160 586 flauerat
1186 554 1265 585 tota
1291 544 1373 593 die,
1407 545 1558 598 parique
1584 542 1733 585 lenitate
1759 542 1832 584 flu-
1878 574 1887 580 .

692 610 750 650 xit
781 622 802 649 a
833 607 1171 663 septemtrionibus
1204 617 1283 649 tota
1314 608 1426 648 noete
1456 618 1600 649 ventus.
1664 607 1833 648 Interdiu

541 672 687 714 abunde
717 673 874 726 pluerat.

690 766 801 808 Circa
827 779 968 808 nonam
996 766 1133 807 horam
1163 767 1177 813 <
1181 766 1262 820 post
1281 766 1500 816 meridiem)
1527 765 1625 819 quafi
1652 764 1827 817 fortuito,

541 831 622 872 vidi
652 830 853 871 Borealem
886 831 1077 870 Auroram
1111 829 1312 882 splendere.
1379 828 1451 869 Sed
1483 842 1504 869 a
1535 830 1634 869 Viris
1664 829 1740 871 fide
1771 832 1833 872 di·-

543 895 627 947 gnis
666 894 792 946 postea
833 892 958 932 resciui
978 923 989 943 ‚
1041 893 1117 931 eius
1147 892 1321 931 Aurorae
1360 892 1507 932 initium
1550 893 1648 932 circa
1692 894 1831 935 horam

543 956 723 997 octauam
762 954 979 1009 apparuiffe.
1082 954 1193 993 Tunc
1239 954 1422 1006 temporis
1442 984 1454 1004 ,
1506 966 1597 994 cum
1640 955 1831 998 obseruare

543 1019 684 1072 coepi,
731 1019 770 1057 in
810 1017 1040 1058 Barometro
1080 1016 1283 1056 mercurius
1324 1016 1516 1056 altitudine
1555 1017 1614 1058 sua
1655 1020 1832 1073 aequabat

544 1081 639 1135 Dig.
662 1094 732 1131 29.
752 1079 853 1121 Dec.
876 1093 949 1120 20.
981 1083 1088 1129 (vtor
1118 1080 1283 1120 mensura
1315 1079 1467 1133 Anglici
1500 1079 1621 1129 Pedis)
1653 1094 1745 1134 quae
1775 1083 1833 1124 al-

542 1147 666 1186 titudo
697 1145 792 1184 inter
824 1144 989 1183 minores
1021 1144 1272 1196 computanda
1307 1144 1388 1182 sane
1423 1143 1488 1182 est.
1556 1142 1603 1183 In
1634 1144 1832 1187 Thermo-

543 1218 673 1249 metro
706 1219 797 1247 meo
829 1204 1094 1248 Amontoniano
1125 1217 1202 1246 erat
1235 1206 1409 1245 mercurii
1439 1206 1594 1246 altitudo
1626 1206 1718 1261 Dig.
1753 1214 1831 1261 48.

546 1271 647 1313 Dec.
675 1274 752 1322 96.
817 1269 870 1310 Et
902 1270 940 1309 in
972 1269 1300 1319 Thermometro‚
1333 1270 1432 1322 quod
1458 1282 1479 1308 a
1506 1268 1540 1308 se
1572 1272 1745 1323 peculiari
1770 1286 1833 1313 ar-

544 1334 668 1375 tificio
703 1332 959 1373 constructum
991 1333 1185 1385 Petropoli
1215 1333 1325 1372 dono
1355 1331 1452 1372 milu
1484 1332 1585 1373 misit
1619 1332 1833 1386 Celeberri-

545 1410 628 1440 mus
661 1392 793 1451 Iofi’ph
825 1395 1006 1439 Nic-olaus
1037 1396 1083 1436 de
1114 1391 1161 1437 L'
1170 1395 1249 1438 Isle
1288 1396 1350 1444 (in
1381 1407 1457 1448 quo
1489 1407 1539 1435 ex
1573 1397 1717 1438 maiore
1754 1401 1833 1440 mi-

545 1473 688 1502 noreue
714 1460 888 1500 mercurii
909 1460 1084 1500 densitate
1111 1459 1316 1499 altitudines
1334 1460 1543 1508 variantur,
1573 1461 1834 1516 mensuraeque

547 1525 696 1565 initium
736 1524 887 1563 firmitur
931 1535 1031 1576 pone
1064 1534 1225 1563 vacuum
1258 1520 1416 1576 superius
1445 1522 1625 1576 spatium)
1656 1537 1832 1568 numera-

548 1587 680 1630 bantur
711 1596 832 1639 partes
870 1600 972 1638 139.

696 1680 796 1723 Cum
832 1682 945 1735 coepi
977 1693 1051 1735 ego
1082 1681 1294 1730 obseruare,
1335 1680 1505 1733 gradibus
1533 1681 1652 1723 senine
1682 1693 1834 1727 centum

549 1747 798 1801 (septuaginta
830 1746 953 1786 versus
984 1746 1217 1785 occidentem
1241 1776 1252 1795 ,
1304 1746 1449 1796 triginta
1481 1747 1598 1786 versus
1630 1748 1836 1803 orientem)

551 1810 698 1851 extensa
731 1812 881 1849 Aurora
912 1808 1105 1849 videbatur
1136 1809 1331 1849 secundum
1364 1807 1553 1849 finitorem
1573 1840 1583 1859 ,
1635 1823 1746 1864 quem
1781 1821 1838 1854 ta.

552 1886 643 1915 men
675 1885 754 1913 non
788 1872 1022 1924 attingebam
1070 1873 1144 1911 eius
1176 1881 1253 1911 erat
1286 1871 1442 1911 altitudo
1482 1873 1661 1924 graduum
1694 1874 1840 1929 septua-

552 1938 676 1991 ginta,
710 1935 936 1988 etamplius.
988 1934 1219 1976 Rubescebat
1246 1943 1323 1974 tota
1353 1934 1533 1987 (excepto
1551 1948 1631 1976 vno
1656 1947 1717 1978 aut
1743 1940 1839 1981 alte-

553 2013 601 2041 ro
632 1999 835 2040 albescente
868 1998 1013 2048 tractu)
1040 1998 1177 2039 limbus
1204 2008 1333 2038 tamen
1360 1996 1511 2038 inferior
1539 2000 1658 2051 magis
1677 2030 1688 2051 ‚
1722 2015 1836 2055 quam

553 2063 732 2119 superior.
797 2062 935 2103 Tenuis
962 2070 1065 2103 tota:
1097 2070 1140 2102 ac
1166 2070 1261 2103 trans
1286 2073 1372 2103 eam
1399 2060 1521 2116 plures
1552 2062 1698 2117 stellae,
1730 2080 1839 2118 prae-

1709 2129 1834 2171 sertim
