1941 2674
534 65 646 114 ”22:ss
679 66 694 115 )
730 75 756 104 0
792 63 807 112 <
848 63 964 116 ἔξω
1303 76 1390 118 159

439 175 1053 249 CVRVARVM

349 288 1145 345 MAx1M1M1N1MIVE

142 376 661 436 PROPRIETAT
665 377 716 434 E
774 376 1352 438 GAVDENTIVM

305 492 597 535 INVENTIO
631 490 778 533 NOVA
824 492 900 532 ET
939 491 1184 533 FACILIS.

620 577 859 614 AVCTORE

519 634 706 697 Leonh.
754 634 969 697 EulerO.

684 784 722 832 ξ.
761 801 798 829 1.

105 855 477 1035 QVanquam
511 884 590 924 hoc
624 884 858 937 problema,
893 883 999 936 quod
1031 883 1095 924 sub
1128 884 1244 925 initio
1279 883 1395 927 huius
1407 892 1606 926 Tabb.1x.x.

303 948 416 988 seculi
448 948 496 987 ab
523 948 738 988 acutiffimo
757 944 974 987 Geometra
994 946 1078 987 Iac.
1102 947 1285 990 Rernoulli
1303 961 1392 990 cum

306 1020 385 1051 erat
419 1011 661 1062 propositum
696 1018 781 1049 tum
814 1009 1007 1059 solutum,
1049 1010 1128 1050 iam
1169 1023 1191 1051 a
1225 1011 1396 1065 pluribus

99 1074 260 1115 eximiis
293 1074 387 1113 viris
419 1073 624 1113 tradhltum
658 1081 768 1125 atquc
801 1071 964 1112 diuerffis
984 1071 1194 1126 solutiones
1217 1074 1392 1125 uastum,

102 1150 125 1177 a
157 1148 223 1177 me
255 1149 353 1176 vero
384 1137 546 1176 demum
580 1145 669 1175 ante
700 1134 848 1188 aliquot
877 1147 999 1174 annos
1032 1135 1071 1174 in
1106 1135 1246 1178 latiore
1289 1136 1394 1177 sensu

101 1199 300 1254 prolatum
333 1198 410 1252 est;
444 1207 555 1250 atque
588 1197 780 1238 methodo
815 1206 896 1237 tam
923 1198 1023 1237 facili
1043 1197 1236 1250 solutum,
1269 1208 1314 1239 vt
1331 1200 1396 1239 ni-

100 1262 159 1303 hil
192 1261 359 1314 amplius
388 1261 589 1302 desiderari
622 1260 726 1314 poffe
767 1259 963 1300 videatur:
1016 1269 1149 1300 tamen
1189 1273 1312 1314 nuper
1352 1263 1394 1302 in

102 1324 297 1365 eiusmodi
332 1323 443 1364 huius
477 1325 627 1375 generis
657 1322 894 1375 quaestiones
924 1323 1068 1373 incidi,
1109 1324 1154 1363 ad
1186 1336 1278 1377 quas
1311 1323 1396 1365 sol-

105 1387 245 1427 uendas
279 1385 467 1426 formulae
511 1395 593 1425 tum
638 1385 827 1438 temporis
865 1397 887 1424 a
929 1397 994 1424 me
1037 1384 1260 1437 exhibitae,
1311 1399 1392 1427 non

104 1458 212 1490 erant
248 1447 498 1498 sufficientes,
532 1448 631 1488 adeo
669 1457 712 1487 vt
747 1447 900 1487 coastus
931 1448 1069 1488 fuerim
1099 1461 1219 1489 nouas
1239 1448 1396 1492 formu-

103 1513 160 1552 las
193 1511 304 1551 latius
335 1520 508 1564 patentes
537 1510 820 1563 contemplari,
855 1519 966 1564 atque
1003 1523 1078 1563 pro
1119 1511 1166 1550 iis
1206 1512 1254 1552 ad
1296 1525 1394 1565 pro-

107 1574 238 1614 blema
270 1573 495 1613 soluendum
526 1573 692 1613 idoneos
726 1573 879 1613 valores
919 1574 1158 1625 inuestigare.
1225 1573 1271 1614 In
1313 1574 1393 1615 hoc

105 1646 234 1678 autem
277 1637 438 1688 negotio
479 1644 686 1689 occupatus
725 1648 804 1675 non
845 1634 969 1675 solum
1012 1635 1230 1677 faciliorem
1275 1650 1393 1691 quam

104 1710 194 1739 ante
262 1699 395 1738 detexi
453 1698 560 1738 viam
630 1699 676 1738 ad
736 1698 945 1738 solutiones
1005 1699 1229 1739 huiusmodi
1293 1712 1391 1753 pro-

103 1762 320 1802 blematum
356 1760 627 1813 perueniendi,
661 1760 721 1800 sed
754 1761 874 1800 etiam
907 1774 1046 1801 omnes
1082 1775 1140 1812 24
1179 1762 1393 1815 formum,

103 1837 194 1877 quas
226 1834 312 1866 ante
346 1823 594 1863 trastaueram
612 1855 623 1873 ,
658 1825 696 1863 in
717 1824 874 1863 vuicam
893 1823 971 1863 sum
993 1826 1247 1878 complexus,
1276 1837 1391 1878 atque

103 1896 301 1940 praeterea
335 1888 380 1925 ad
413 1887 506 1925 alias
538 1885 659 1926 adhuc
699 1885 813 1926 latius
854 1888 1042 1941 patientes
1085 1887 1275 1928 calculum
1323 1901 1391 1929 ac·-

100 1950 359 1990 commodare
391 1949 514 1989 licuit.

1269 2033 1303 2082 ξ.
1342 2043 1385 2072 2.
