1941 2674
505 113 597 154 με,
817 90 1103 142 ORIGINES
1138 89 1439 138 RVSSICAE.

506 227 621 270 quam
641 209 866 260 Βασιλέως.
929 211 1170 267 Quamquam
1206 221 1282 249 non
1315 219 1436 260 nego,
1468 204 1665 247 orientales
1697 217 1797 245 non-

505 289 714 331 numquam
751 276 1029 328 Imperatorem
1064 272 1525 325 Constantinopolitanum
1558 277 1657 335 γει-ῥ’
1693 270 1796 311 Kizr

505 353 544 384 et
576 343 708 385 Kizar
743 340 996 394 nuncupasse,
1051 339 1239 391 proximo
1273 338 1319 377 ad
1356 335 1467 378 czar
1498 348 1638 376 vocem
1672 337 1793 374 sono:

505 414 637 449 tamen
665 405 693 447 sl
720 417 741 445 a
769 401 923 446 Caesare
949 401 1118 445 Rutheni
1152 413 1297 441 nomen
1332 400 1447 440 isthuc
1481 401 1685 448 duxerunt,
1719 409 1798 437 non

507 469 655 522 longius
686 467 914 509 reieecorum
949 465 1176 520 populorum
1208 464 1556 517 pronunciationem
1588 460 1803 513 aucupaturi

510 531 615 574 fuisse
649 531 842 579 videntur,
873 529 933 570 scd
966 539 1010 568 vt
1040 526 1364 579 Constantinopoli
1397 526 1613 574 audiebant,
1648 524 1801 564 disturi.

510 596 564 638 Et
597 608 643 636 ne
675 595 765 647 quid
800 605 866 646 per
900 602 1061 633 aetatem
1095 600 1313 643 corruptum
1347 599 1474 642 putes,
1515 601 1561 628 en
1593 587 1660 626 tibi
1692 597 1802 626 vetu-

511 657 709 701 stiffimam
741 655 1024 698 Slauonicorum
1057 652 1271 694 Bibliorum
1303 653 1512 693 versionem
1535 683 1545 701 ‚
1596 662 1688 703 quae
1723 651 1799 690 iam

513 732 597 763 tum
636 720 737 762 haud
772 720 879 761 aliter
911 719 1027 759 edidit
1057 729 1200 758 vocem
1222 747 1233 765 ,
1285 729 1399 770 quam
1432 727 1528 755 nunc
1562 717 1600 753 1'n
1631 712 1694 754 vsu
1726 712 1804 763 est,

557 797 641 825 zar.

710 878 763 917 Vt
794 886 919 917 autem
950 876 1089 915 vetusta
1122 884 1203 915 ante
1234 875 1416 916 Ruricum
1453 883 1628 926 tempora
1669 872 1808 912 maiori

521 946 559 982 in
593 944 678 983 luce
710 941 915 990 versentur,
951 940 1090 979 necesse
1122 939 1198 988 est,
1231 939 1277 977 de
1309 940 1431 979 forma
1463 940 1515 978 rei
1551 937 1718 992 publicae
1749 937 1807 976 in-

522 1017 579 1047 ter
610 1005 791 1047 Siauonos
820 1005 962 1057 quaeri.
1036 1004 1132 1045 Non
1164 1003 1345 1043 excedam
1379 1003 1488 1057 plane
1523 1004 1642 1056 spatiis
1673 1005 1718 1044 ad
1749 1004 1810 1043 vl-

519 1074 659 1114 timam
679 1069 958 1112 Slauonicarum
992 1082 1117 1108 rerum
1152 1068 1407 1119 memoriam,
1439 1069 1495 1108 sed
1527 1081 1592 1108 me
1623 1069 1716 1109 intra
1750 1068 1811 1107 vi-

523 1138 665 1177 ciniam
694 1135 842 1176 huiusce
867 1134 972 1182 acui,
1007 1134 1106 1187 quod
1134 1133 1367 1173 transtandum
1399 1133 1553 1186 suscepi,
1593 1133 1808 1173 continebo.

523 1199 623 1243 Satis
653 1192 797 1239 constat
815 1229 826 1248 ,
879 1198 1017 1240 multos
1048 1200 1085 1238 in
1120 1197 1284 1251 populos
1317 1198 1447 1239 diuisos
1477 1199 1577 1240 fuisse
1608 1197 1810 1239 Slauonos.

526 1265 606 1322 Qui
636 1265 720 1305 inde
752 1264 798 1304 ab
828 1264 920 1304 Albi
952 1265 998 1304 ad
1028 1263 1213 1304 Vistulam
1252 1276 1362 1316 Vsque
1393 1266 1563 1314 coluere,
1598 1266 1635 1304 in
1670 1264 1814 1306 duode-

523 1331 605 1370 'cim
643 1329 877 1370 censebantur
910 1327 994 1378 (h).
1058 1328 1180 1369 Erant
1211 1329 1343 1368 deinde
1377 1330 1423 1369 ad
1459 1332 1644 1370 orientem
1682 1329 1816 1370 Chro-

528 1394 628 1448 biti,
661 1394 805 1443 Seruii,
847 1391 1136 1443 Zachlumitae,
1169 1394 1443 1444 Terbuniotae,
1478 1395 1659 1442 Rentani,
1693 1392 1817 1435 Cana-

528 1459 637 1509 litae,
683 1459 901 1509 Drebliani,
944 1457 1190 1509 Lenziniani,
1232 1458 1374 1507 Vltini,
1409 1457 1605 1510 Cribetae,
1640 1457 1817 1512 Bolgari,

534 1523 712 1574 Moraui,
743 1523 847 1566 Ruffi
879 1533 917 1563 et
947 1536 1039 1576 quae
1069 1524 1138 1564 alia
1173 1524 1327 1564 nomina
1361 1525 1516 1566 exstant.
1582 1526 1636 1565 Vt
1663 1537 1683 1564 c
1711 1522 1820 1565 Con-

532 1589 693 1657 stantino
717 1588 1077 1642 Porphyrogenneta
1103 1589 1209 1642 Imp.
1237 1590 1401 1638 constat,
1433 1590 1562 1645 singuli
1590 1591 1717 1644 populi
1744 1591 1821 1631 mi-

533 1666 643 1694 nores
668 1655 706 1694 in
733 1663 858 1707 gentes
885 1653 1008 1705 diuifi,
1041 1653 1112 1694 suas
1137 1655 1204 1695 fibi
1231 1668 1290 1696 res
1316 1656 1477 1709 publicas
1500 1656 1723 1706 condidere,
1758 1662 1822 1697 aut

534 1720 573 1761 in
609 1720 772 1773 speciem
809 1719 998 1774 popularis
1031 1720 1236 1771 libertatis,
1286 1731 1349 1762 aut
1384 1722 1618 1775 principatus„
1712 1722 1820 1765 Nam

537 1785 637 1838 apud
669 1785 862 1838 plerosque
888 1797 976 1825 eum
1007 1785 1139 1827 statum
1168 1786 1268 1826 fuiffe
1298 1789 1471 1841 reperio,
1513 1789 1661 1842 qualem
1691 1775 1818 1836 Saxo,

538 1850 658 1902 po'e'ta
676 1847 806 1889 Caroli
827 1849 887 1890 M.
904 1851 1085 1903 aequalis,
1118 1852 1236 1892 editus
1263 1865 1284 1892 a
1311 1854 1519 1896 Reineccio
1545 1863 1583 1895 et
1609 1855 1821 1906 Leibnitio,

539 1914 675 1954 cecinit
705 1914 833 1969 paullo
863 1923 948 1956 ante
980 1915 1015 1956 se
1046 1916 1146 1957 fuisse
1176 1918 1214 1959 in
1249 1915 1476 1962 Germania:

1711 1992 1823 2054 ¹Quae

561 2055 1803 2080 Ὰ--ξ-ῄ--ῌ

684 2087 738 2126 (h)
760 2087 994 2128 Ghronographus
1013 2091 1089 2123 Saxo
1110 2094 1143 2123 ad
1165 2093 1204 2126 A.
1225 2094 1260 2125 C.
1273 2096 1340 2134 960.
