1941 2674
536 91 554 106 ἢ
565 79 621 127 78
742 70 828 115 DE
861 66 1100 114 DVOBVS‘
1134 64 1570 112 DIADEMATIBV
1569 67 1602 111 S

537 107 557 129 ι)

533 256 960 343 DVOBVS
1031 253 1521 338 DIADEMA
1524 253 1818 338 TIBVS

654 432 974 507 MVSEO
1007 431 1038 504 Ι
1040 429 1708 503 MPERATORIO

1061 556 1299 592 AVCTORE

942 614 1014 673 T.
1085 617 1145 678 S.
1218 615 1413 692 Bezyer.

656 822 766 864 Ridie
802 822 878 861 eius
908 822 1003 871 diei,
1047 831 1120 873 quo
1151 820 1210 859 die
1243 818 1411 861 ANNA
1447 816 1713 861 AVGVSTA
1747 821 1829 862 san--

537 788 651 960 P
686 884 852 924 &iffimis
893 884 1137 923 caeremoniis
1177 882 1352 924 Moscuae
1395 884 1505 922 vncta
1547 883 1827 938 consecrataque

689 948 777 995 fuit,
814 948 851 986 in
883 947 1120 986 summorum
1154 946 1323 984 virorum
1356 955 1392 985 et
1424 945 1721 987 doffiffimorum
1755 961 1827 1001 pu-

538 1008 633 1048 blica
674 1010 858 1049 concione
899 1010 996 1061 apud
1030 1008 1281 1048 Academiam
1322 1017 1360 1047 et
1395 1009 1441 1047 de
1472 1009 1663 1049 virtutibus
1696 1011 1827 1063 Augu-

538 1072 611 1111 stae
638 1085 709 1124 pro
737 1073 911 1111 tenuitate
941 1071 1078 1124 ingenii
1100 1071 1200 1120 dixi,
1235 1080 1271 1109 et
1291 1081 1333 1110 vt
1353 1071 1576 1110 consuetudo
1593 1073 1828 1114 Academiae

537 1135 764 1188 postulabat,
797 1136 842 1174 de
869 1136 1010 1174 duobus
1039 1133 1310 1174 diadematibus
1339 1133 1459 1174 Musei
1487 1133 1728 1187 Imperatorii
1754 1137 1830 1176 dis--

539 1197 642 1238 serui.
706 1199 908 1254 Quaerenti
941 1199 1042 1238 enim
1080 1197 1174 1237 mihi
1202 1207 1239 1236 et
1266 1210 1419 1237 mecum
1450 1197 1716 1248 consideranti,
1749 1212 1825 1252 quo

538 1272 759 1313 argumento
791 1261 899 1301 illum
932 1260 1254 1314 auspicatissimum
1288 1261 1389 1300 diem
1428 1273 1477 1300 ex
1514 1256 1622 1301 more
1653 1271 1691 1301 et
1722 1263 1827 1303 insti-

539 1332 621 1363 tuto
653 1326 882 1365 Academiae
915 1325 1153 1364 instaurarem
1177 1354 1187 1373 ,
1242 1336 1289 1363 ne
1323 1337 1426 1364 meus
1460 1324 1582 1364 sermo
1617 1338 1635 1365 a
1672 1326 1828 1378 publicis

540 1387 661 1426 studiis
687 1389 723 1426 in
755 1388 943 1440 Augustae
968 1388 1249 1427 venerationem
1278 1387 1396 1427 effusis
1425 1388 1567 1440 penitus
1592 1388 1827 1440 abhorreret,

539 1459 601 1490 aut
634 1451 840 1491 laetissimas
868 1452 1079 1491 auditorum
1107 1451 1350 1502 cogitationes
1378 1450 1423 1490 ab
1453 1451 1660 1491 incredibili
1687 1453 1828 1505 volup-

541 1504 615 1553 tate
649 1526 846 1554 auocarem
882 1516 926 1554 ad
962 1515 1096 1554 alienas
1128 1514 1173 1553 ab
1204 1513 1277 1552 hoc
1310 1523 1483 1566 tempore
1515 1514 1676 1563 litteras,
1733 1516 1828 1555 nihil

542 1579 784 1630 opportunius
809 1578 1042 1624 occurrebat,
1075 1590 1187 1630 quam
1214 1577 1238 1616 fi
1268 1578 1315 1617 de
1343 1576 1399 1616 his
1425 1578 1688 1617 diadematibus
1707 1579 1826 1619 *verba

340 1637 411 1666 'rab
433 1635 715 1680 XX¹V·fiisere111.
806 1642 969 1695 Reperta
1003 1641 1078 1680 sunt
1110 1651 1194 1679 ante
1226 1639 1368 1693 aliquot
1400 1653 1515 1679 annos
1534 1671 1544 1689 ,
1596 1650 1636 1680 vt
1667 1641 1827 1682 relatum

362 1679 461 1715 Figura
492 1687 520 1713 4.

543 1704 596 1743 est
632 1704 759 1753 mihi,
801 1705 838 1743 in
873 1717 964 1757 agro
996 1702 1214 1744 Caffinienfi.
1295 1704 1481 1745 Exstitere
1513 1704 1611 1756 apud
1643 1717 1730 1752 nos,
1766 1705 1829 1758 qui

541 1767 817 1815 arbitrarentur,
853 1767 943 1807 haec
975 1767 1214 1807 brachiorum
1249 1776 1466 1806 ornamenta
1499 1767 1619 1816 fiiiffe,
1656 1767 1773 1820 qualia
1806 1782 1827 1809 a

543 1830 756 1882 quum-dam
793 1831 940 1882 populis
971 1831 1101 1883 gestari
1135 1831 1358 1882 accepimus.
1455 1830 1569 1883 Apud
1602 1829 1826 1882 Saracenos,

541 1903 584 1932 vt
617 1890 876 1933 Constantinus
907 1893 1263 1947 Porphyrogenneta
1295 1893 1508 1933 memoriae
1539 1894 1687 1934 tradidit
1719 1897 1824 1944 (a),

543 1955 695 2008 insignia
728 1957 877 2009 imperii
910 1957 1054 1997 fuerunt
1088 1957 1228 1997 annuli.
1301 1956 1374 1996 Sed
1408 1955 1499 1996 nihil
1531 1957 1674 2011 planius
1705 1958 1759 1998 est
1787 1966 1826 1998 et

1728 2032 1822 2072 per:-

681 2101 736 2139 (α)
761 2101 804 2129 De
825 2102 1034 2131 administrando
1053 2104 1170 2140 imperio
1191 2112 1264 2142 p.73
1295 2105 1337 2134 ed.
1355 2105 1442 2135 Band.
