1941 2674
586 108 673 139 ω
995 92 1273 156 QVINQVE
1302 93 1457 140 Nom·

655 214 692 254 E
711 213 876 253 duorum
896 221 1026 252 autem
1048 212 1285 265 reliquorum
1306 213 1489 253 extremis
1509 210 1624 251 flores
1643 212 1872 255 enascuntur·

578 289 691 329 quam
707 276 1153 329 plurimi‚m0nopetali,
1173 275 1548 315 infiindibulifieres
1562 306 1572 324 ,
1592 276 1630 314 in
1650 277 1866 320 vmbellam

577 339 689 380 dense
720 339 915 390 congesti,
950 336 1096 376 inferne
1129 339 1313 388 tubulati,
1347 339 1502 391 superne
1535 338 1573 376 in
1606 337 1671 377 sex
1690 339 1867 390 segmen-¹

576 413 614 441 ta
647 412 753 441 acuta
786 401 917 451 diuisi⁷
951 400 1094 439 coloris
1125 400 1241 451 lutei,
1276 401 1457 452 calyculis
1502 402 1677 439 contenti
1719 413 1869 440 mono-

575 465 746 519 phyllis,
780 464 988 513 viridibus,
1023 464 1061 507 in
1094 464 1239 516 aliquot
1269 463 1462 516 segmenta
1497 461 1685 513 diffezstis,
1724 474 1763 503 et
1796 476 1868 516 pe-

578 528 715 567 diculis
748 526 958 567 sustentatis
990 526 1124 566 itidem
1159 527 1371 579 viridibus,
1406 526 1595 581 pollicem
1628 527 1713 580 plus
1743 528 1866 567 minus

579 590 711 643 longis
746 600 783 630 et
813 590 931 643 paulo
963 589 1144 628 incuruis„

693 685 868 726 Floribus
898 683 959 723 his
988 684 1144 737 delapsis
1183 682 1379 725 succedunt
1417 684 1559 724 frustus
1603 684 1677 725 fiue
1717 684 1866 725 vesicae

578 748 778 801 angulatae
806 756 844 786 et
873 747 1053 797 inflatae,
1093 747 1258 795 virides,
1293 746 1468 786 deorsum
1489 747 1680 797 inflexae,
1717 748 1756 786 in
1777 760 1866 787 me-

578 813 668 861 dio,
703 811 771 850 vbi
803 809 1003 849 latiffimae
1037 809 1142 860 sunt,
1178 810 1330 848 vnciam
1363 811 1514 849 circiter
1548 810 1669 857 latae,
1707 811 1747 849 in
1780 812 1869 866 api-

577 887 668 915 cem
700 873 910 913 desinentes
940 872 1287 925 purpurascentem.
1353 871 1460 913 Intus
1493 885 1588 913 vero
1623 874 1879 916 continentur·

578 937 723 982 semina
759 936 891 988 plura,
926 935 1162 986 maiuscula,
1193 944 1309 974 ouata
1341 944 1380 975 et
1415 936 1570 988 striata,
1603 936 1870 985 colorislate-

576 1000 660 1041 titii
689 998 899 1041 dilutioris.

694 1089 1286 1133 LEONTOPETALOIDES
1353 1092 1495 1133 dicitur
1557 1090 1653 1132 haec
1705 1092 1834 1145 planta
1856 1124 1878 1145 ‚.

579 1156 666 1210 quia
702 1157 749 1197 ad
784 1155 1098 1209 Leontopetulon
1130 1168 1151 1195 a
1184 1154 1402 1200 Clariffimo
1435 1155 1716 1196 Tournefortio
1742 1156 1781 1194 in
1801 1155 1871 1195 In-

579 1220 823 1260 stitutionum
857 1219 1004 1260 suarum
1037 1216 1262 1260 Corollario
1294 1217 1520 1271 definitum,
1556 1231 1670 1273 quam
1687 1219 1880 1272 proximet

581 1283 744 1324 accedit.

946 1405 1135 1450 GENVS
1171 1392 1504 1452 ssscvunvui

731 1476 1713 1542 RlCINOCARPODENDRON.

382 1598 577 1630 Tabulaxiv„
704 1596 1393 1643 RICINOCARPODENDRON
1445 1598 1498 1638 est
1549 1598 1703 1652 plantae
1751 1610 1878 1651 genus*

585 1661 683 1701 flore
718 1660 803 1701 AB
836 1661 1017 1712 rosaccO,
1052 1662 1172 1701 tribus
1202 1661 1345 1701 scilicet
1376 1661 1511 1714 petalis
1541 1663 1582 1702 in
1614 1662 1751 1701 orbem
1793 1674 1872 1714 po-

584 1725 661 1766 fitis
693 1725 914 1775 constante,
957 1725 996 1763 in
1030 1737 1195 1777 qnorum
1230 1725 1364 1765 medio
1406 1725 1517 1764 tubus
1551 1723 1585 1764 B
1629 1724 1869 1776 vrceolatus·‚

582 1801 652 1842 per
684 1800 802 1840 quem
832 1799 884 1827 ex
915 1787 1043 1837 calyce
1081 1786 1196 1840 surgit
1228 1788 1435 1840 pistillum,
1476 1789 1575 1841 quod
1615 1787 1753 1828 deinde
1794 1787 1876 1828 abit

586 1852 625 1890 in
658 1850 822 1890 frustum
857 1848 890 1890 C
927 1850 1153 1902 trigonum,
1185 1851 1285 1890 intus
1314 1851 1354 1890 in
1398 1851 1468 1890 tria
1509 1851 1769 1894 loculamenta
1810 1850 1877 1890 di-

585 1912 708 1954 uisum
742 1912 810 1964 D,
861 1913 972 1965 septis
1014 1914 1254 1964 intermediis
1304 1927 1325 1954 a
1377 1913 1414 1953 se
1461 1914 1631 1955 inuicem
1682 1913 1878 1965 discreta„

586 1989 753 2029 quorum
799 1976 940 2031 singula
984 1975 1115 2017 semen
1157 1977 1358 2019 continent
1404 1977 1547 2018 cortice
1596 1978 1697 2019 duro
1745 1976 1875 2016 obdu-

590 2039 711 2086 stum.

1758 2102 1876 2146 Riei„
