1941 2674
498 107 518 146 5
530 109 552 135 2
774 91 826 132 M
831 89 947 133 ETH
950 88 1071 131 ODV
1073 89 1103 130 S
1136 87 1526 131 COMPVTANDI

494 222 533 252 et
564 210 807 262 tangentium
848 207 1076 249 sufficerent.
1146 205 1322 258 Perspexi
1365 215 1495 246 autem
1540 204 1691 255 statim,
1735 207 1783 246 ad

497 276 575 315 hoc
608 272 866 312 obtinendum
900 270 1133 310 methodum
1171 270 1222 308 ita
1256 279 1523 321 comparatam
1557 268 1629 307 effe
1663 280 1788 322 opor-

498 347 602 386 tere,
638 345 681 375 vt
713 333 891 387 aequatio
925 345 1009 371 uon
1040 344 1091 370 ex
1134 331 1349 371 differentia
1394 331 1651 383 angulorum,
1686 345 1788 384 quo-

499 412 587 440 rum
626 398 721 437 smus
758 397 820 437 vel
853 405 1051 447 tangentes
1070 395 1256 433 calculum
1278 395 1564 446 ingrediuntur,
1596 394 1639 434 fit
1661 394 1790 434 detet-

501 461 707 511 minanda‚
742 458 802 500 sed
837 470 888 497 ex
921 468 1029 496 certo
1063 458 1232 509 quodam
1265 457 1408 509 angulo
1445 457 1510 496 vel
1541 469 1654 509 arcu3
1692 458 1800 497 cuius.

503 512 600 565 sinus
633 535 713 562 uon
752 522 793 561 in
834 520 1181 561 considerationem
1223 520 1365 558 veniat.
1433 520 1680 572 Angulotum
1733 521 1793 559 seu

503 598 662 627 arcuum
696 587 831 634 enim,
872 595 1036 636 quorum
1071 581 1285 621 differentia
1315 584 1461 622 minuta
1494 583 1686 635 temporis
1715 591 1794 622 ter-

507 651 561 690 tia
595 648 808 702 producat,
843 647 941 686 smus
974 646 1013 684 in
1045 645 1184 684 tabulis
1215 643 1402 684 consuetis
1435 658 1514 684 non
1534 646 1794 698 reperiuntur,

509 713 571 753 sed
618 710 922 765 interpolatione
967 708 1135 747 inueniri
1175 707 1384 759 deberent,
1427 708 1466 747 id
1507 709 1612 761 quod
1652 708 1796 748 euitare

512 775 639 816 statui..

633 870 662 917 ξ.
703 877 744 916 7.
780 868 843 908 Ad
875 865 1102 907 huiusmodi
1135 863 1368 905 methodum
1403 866 1672 906 inueniendam
1701 879 1803 907 conz-

516 931 626 973 iunxi
662 943 750 970 cum
798 931 1098 983 trigonometria
1140 927 1331 980 sphaerica
1372 929 1559 969 calculum
1604 929 1803 970 infinitefi-

518 994 691 1043 malem,
726 994 830 1032 cuius
866 991 1058 1032 beneficio
1092 991 1217 1030 statim
1262 991 1491 1031 desideratae
1533 993 1674 1031 indolis
1716 1005 1805 1032 me-

517 1056 684 1096 thodum
718 1055 800 1095 sum
833 1055 1003 1107 adeptus.
1070 1054 1158 1094 Hoc
1193 1064 1321 1093 autem
1357 1056 1480 1093 modo
1511 1055 1698 1095 calculum
1746 1056 1808 1095 in-

521 1119 808 1160 finitesimalem
841 1118 888 1157 ad
920 1118 1128 1157 vtilitatem
1166 1128 1296 1156 meam
1341 1117 1536 1156 conuerti:
1579 1118 1810 1158 declinatio-

521 1182 580 1222 nis
612 1180 703 1220 solis
734 1181 994 1220 variationem
1025 1180 1202 1220 diurnam
1234 1188 1414 1231 tanquam
1456 1179 1607 1219 infinite
1648 1193 1811 1234 paruamv

522 1245 775 1298 quantitatem
807 1242 887 1282 sum
925 1243 1237 1295 contemplatus3
1283 1255 1399 1292 cum⁷
1441 1243 1591 1295 quando
1634 1245 1808 1284 maxima

527 1308 582 1347 est
619 1301 685 1356 24'
717 1318 797 1344 non
829 1305 1015 1357 excedat·⁷
1049 1315 1088 1344 et
1118 1305 1451 1357 quemadmodum
1483 1318 1588 1346 arcus
1627 1302 1693 1356 24‘
1730 1307 1811 1346 mi-

527 1379 710 1411 nutorum
743 1381 815 1421 pro
849 1367 991 1408 lineola
1025 1368 1124 1407 ree‘ta
1161 1366 1294 1406 haberi
1327 1367 1476 1418 potest,
1511 1369 1561 1407 ita
1586 1369 1726 1409 eodem
1749 1371 1812 1408 iu-

527 1445 570 1473 re
604 1445 677 1484 pro
712 1431 911 1470 elemento
943 1430 1095 1469 infinite
1128 1442 1248 1482 paruo
1281 1429 1412 1468 haberi
1453 1431 1604 1482 potest,
1642 1432 1835 1485 respedtu-

529 1494 671 1535 scilicet
704 1506 860 1533 arcuum
895 1493 1028 1532 finitae
1062 1493 1331 1544 magnitudinis
1363 1491 1423 1532 seu
1445 1494 1569 1545 potius
1598 1496 1716 1534 totius
1742 1507 1819 1548 pe-

532 1557 741 1610 ripheriae.
812 1556 901 1595 Hoc
935 1557 1077 1608 paeto,
1111 1556 1202 1594 dum
1236 1555 1425 1594 calculum
1461 1557 1566 1595 iuxta
1611 1567 1818 1610 praecepta>

536 1619 674 1660 calculi
707 1618 999 1658 infinitefimalis
1031 1618 1110 1658 sum
1144 1617 1382 1670 persecutus,
1417 1618 1593 1669 obtinui,
1627 1629 1668 1659 vt
1688 1620 1825 1672 plures

536 1682 722 1731 termini,
755 1682 817 1733 qui
851 1691 1030 1732 tanquam
1064 1680 1328 1720 differentialia
1360 1679 1511 1721 secundi
1543 1683 1680 1734 gradus
1719 1696 1820 1724 con-

536 1745 687 1785 fiderari
720 1752 949 1795 potuerunt,
983 1756 1032 1782 ex
1052 1742 1196 1784 calculo
1215 1740 1465 1794 excefferint,
1498 1754 1536 1783 et
1555 1746 1707 1786 taudem
1728 1747 1824 1786 bre-

539 1808 595 1847 uis
626 1816 665 1846 et
695 1805 814 1845 facilis
846 1805 1011 1845 formula
1031 1806 1300 1859 aequationem
1323 1803 1498 1846 meridiei
1519 1807 1706 1848 exhibens
1725 1821 1821 1862 pro-

541 1870 672 1909 dierit.
735 1868 800 1908 Ex
833 1867 904 1907 hac
937 1869 1054 1920 igitur
1094 1869 1259 1908 formula
1302 1881 1380 1907 non
1422 1868 1547 1909 solum
1588 1871 1696 1911 facile
1739 1881 1827 1913 erat.

543 1932 719 1976 tabulam.
747 1943 824 1987 pro.
853 1931 932 1972 hoe
963 1931 1053 1974 loco
1087 1941 1344 1987 computare3⁴
1391 1931 1453 1973 sed
1504 1934 1629 1976 etiamr
1673 1936 1832 1988 quoties,

1681 1998 1822 2052 vbique
