1941 2674
408 79 475 121 IN
499 77 676 122 TVBIS
707 77 1138 121 CAPILLARIBVS.
1357 92 1443 130 293

133 191 180 236 In
196 194 402 247 propatulo
422 195 495 246 ess,
529 195 688 248 singulas
706 195 879 236 lamellas
906 207 984 235 nou
1011 205 1160 236 tantum
1186 208 1275 236 cum
1301 195 1451 235 annulis

131 255 204 297 suis
223 257 601 310 correspondentibus
619 259 658 298 vi
678 269 833 298 mutuae
853 259 1108 310 attractionis,
1127 271 1222 311 quae
1243 259 1341 297 inter
1357 270 1450 311 par-

132 319 267 360 ticulas
297 333 433 372 aqueas
465 321 689 372 intercedit,
722 320 956 369 cohaerere,
1004 320 1066 361 sed
1115 323 1234 361 etiam
1275 320 1450 360 lamellas

134 380 232 433 ipsas
265 384 363 422 inter
396 383 430 423 se
462 383 693 436 cohaerere3
728 383 805 423 hoc
837 383 907 423 est:
940 393 1066 424 totum
1108 384 1326 434 cylindrum
1367 394 1448 422 non

133 444 259 484 solum
295 458 414 485 vnum
449 444 609 486 matram
642 447 867 486 continuam
899 446 1152 494 constituere,
1196 446 1258 486 sed
1297 454 1337 484 et
1366 453 1449 484 tota

133 506 330 559 superficie
363 507 422 547 sua
455 519 630 548 connexa
670 520 757 548 cum
798 506 992 559 superficie
1032 520 1200 548 concaua
1249 507 1449 547 canaliculi

134 568 337 609 secundum
374 570 653 621 longitudinem
687 571 810 610 lineae
830 569 887 609 ab
905 571 1137 610 continuari.
1201 571 1345 610 Porro:
1379 570 1448 610 de-

135 641 273 671 notent
303 632 445 671 circelli
481 644 522 673 1.
542 644 583 671 2.
608 645 650 681 3.
680 647 724 682 4.
757 643 797 680 5.
831 631 1008 671 lamellas
1045 633 1278 685 cylindruli;
1321 632 1446 673 lineae
1468 634 1567 672 rigum
1586 633 1639 672 243

133 693 429 745 longitudiuales
458 706 480 733 c
509 694 780 734 cohaesionem
816 693 1058 733 lamen-arum
1093 696 1196 734 inter
1234 695 1296 746 se;
1349 694 1450 734 late-

132 755 230 795 tales
264 756 293 795 d
320 754 588 795 cohaesionem
631 768 722 795 cum
762 755 998 794 canaliculo:
1045 756 1162 805 dico,
1202 755 1450 798 cohaesiones

134 829 210 858 ccc
241 824 315 856 etc.
347 815 526 856 fortiores
557 814 658 867 esse,
689 829 805 870 quam
839 815 1085 856 cohaefiones
1112 816 1206 857 ddd
1219 827 1294 857 etc.
1356 816 1452 859 Ma-

131 878 293 931 gnitudo
325 879 431 918 enim
462 877 701 920 cohaesionis
731 877 975 919 lamellamm
997 879 1097 918 inter
1115 880 1149 918 se
1167 880 1276 923 estin
1302 880 1452 920 ratione

131 939 263 981 baseos
294 940 523 992 cylindruli‚
552 951 592 981 et
621 941 800 981 cohaesio
830 941 997 981 lateralis
1027 941 1056 981 d
1081 941 1191 981 estin
1211 943 1358 982 ratione
1378 954 1453 995 pe-

132 1002 340 1055 ripheriae.
405 1002 504 1043 Sunt
535 1013 664 1043 autem
699 1002 799 1042 bases
830 1003 869 1042 in
902 1003 1052 1042 ratione
1074 1004 1357 1045 diametrorum
1377 1006 1451 1045 du-

130 1065 294 1116 plicata,
327 1064 568 1117 periplieriae
600 1075 732 1104 contra
764 1064 905 1105 suntin
934 1066 1085 1105 ratione
1103 1065 1284 1119 simplici.
1350 1066 1452 1117 For-

131 1129 204 1168 tius
233 1128 349 1180 igitur
380 1125 553 1170 cohaeret
572 1127 787 1179 qut'ndrulus
816 1123 983 1178 interse‚
1004 1140 1112 1182 quam
1129 1140 1207 1169 cum
1228 1127 1445 1170 canaliculo.

543 1258 546 1259 ⁷
591 1185 978 1244 Corollarium.

244 1271 408 1330 Quando
438 1273 551 1325 igitur
580 1272 726 1313 lamella
740 1269 918 1327 fitprema
945 1275 983 1314 in
1012 1279 1142 1314 motum
1184 1275 1331 1326 agitur,
1363 1280 1447 1315 tunc

132 1340 232 1375 totus
262 1335 477 1387 cylindmlus
525 1341 704 1384 mouetur,
749 1349 841 1375 nam
883 1336 996 1375 citius
1038 1335 1219 1375 cohaesio
1260 1336 1316 1376 ab
1345 1337 1447 1376 inter

131 1396 255 1448 ipsum
287 1407 327 1438 et
357 1398 611 1439 canaliculum
644 1399 857 1452 rumpitur,
892 1410 1010 1452 quam
1041 1407 1084 1438 vt
1101 1397 1222 1439 maffa
1240 1397 1448 1450 cylindruli

134 1459 337 1501 dmum.
429 1519 891 1579 Puoposmo
922 1519 1139 1581 xxiv.

249 1606 390 1646 Pondus
421 1619 447 1647 a
477 1608 615 1648 virtute
644 1607 849 1648 attraHiua
881 1606 1003 1647 annuli
1033 1609 1147 1648 vitrei
1181 1608 1350 1662 proxime
1374 1603 1446 1661 fit-

127 1668 288 1721 perioris
322 1672 444 1721 quouis
476 1676 650 1709 momento
684 1668 896 1710 eleuandum
925 1668 1080 1723 aequale
1117 1670 1166 1726 est
1191 1670 1348 1726 ponderi
1381 1683 1447 1724 qy-

132 1729 277 1772 lindsuli
310 1734 420 1773 totius
457 1732 552 1773 incer
587 1731 823 1772 canalia-ulum
847 1734 954 1772 moti.

561 1787 1004 1847 DemonstratiO.

247 1876 414 1931 Quando
465 1875 695 1926 cylindrulus
733 1872 897 1930 aqueus,
947 1877 1199 1930 cuiuscunque
1235 1877 1447 1919 altitudinis

129 1937 307 1980 tubulum
339 1938 543 1991 ingressus,
578 1939 736 1980 vlterius
771 1939 915 1980 eleuari
949 1940 1084 1979 debet:
1127 1939 1204 1981 hoc
1246 1940 1329 1980 fieri
1364 1953 1446 1980 non

129 2001 281 2056 potest,
314 2003 407 2057 quin
438 2002 594 2044 lamella
625 2001 800 2106 supgma
831 2001 1066 2057 cylindruli,
1100 2014 1197 2058 quae
1233 2002 1313 2057 sola
1341 2014 1364 2043 a
1401 2002 1445 2043 vi

679 2093 682 2096 -
742 2076 768 2105 o
803 2077 829 2117 3
1318 2073 1445 2107 attra-
