1941 2674
136 97 216 139 DE
250 94 733 140 THERMOMETRIS
767 97 1411 153 CONCORDANTIBVS.33·3

96 215 190 255 dum
213 216 381 255 nostram
404 216 607 267 ponimin,
642 216 892 268 aequabiliter
911 215 1146 269 diffunditur,
1185 218 1270 271 quia
1292 229 1424 259 muta-

99 279 128 318 ti
150 292 204 317 rne
230 280 290 319 vel
318 278 502 317 leunima
531 280 667 318 caloris
698 281 881 318 luci-curii
911 280 1030 331 fausta,
1068 283 1214 322 vitrum
1242 282 1421 324 similiter

96 343 356 382 mutationem
387 341 487 380 suam
512 344 857 395 proportssanaliter
889 345 1047 396 patitur.

213 409 247 455 ξ.
292 426 363 452 20.
393 413 574 453 Secundo
609 414 726 462 loco,
760 415 847 466 quia
872 415 1042 454 nondum
1065 416 1289 467 cognitum,
1321 429 1418 457 ean-

91 474 183 514 dein
217 480 446 528 grauitatem
487 476 704 529 specificam
738 478 815 517 ess'e
851 479 1033 517 omnium
1065 491 1276 530 aquarum,
1298 492 1332 519 e.
1355 493 1413 532 gr.

93 538 289 590 Villulae,
337 541 495 589 Rheni,
538 540 761 593 Sequanae,
811 540 934 591 Tagi,
983 540 1167 590 Tiberis,
1213 541 1415 595 Welgae,

93 600 251 653 Lenae,
286 615 382 654 quae
415 602 467 641 est
500 602 608 642 fluuii
638 602 796 643 Neuae:
838 603 1037 642 dubitandi
1070 606 1192 643 cauffa
1227 604 1417 645 subnasci-

90 673 180 715 tur,
225 678 271 704 an
307 678 375 717 per
411 667 579 704 eundem
615 666 754 704 caloris
786 675 825 704 et
858 666 1010 717 frigoris
1040 668 1199 716 gradum
1234 667 1414 707 ebullitio

92 727 156 767 vel
190 728 412 779 congelatio
446 727 582 766 haruin
616 739 798 779 aquarum
832 727 934 766 effici
980 726 1121 780 poffit?
1174 729 1277 767 vnde
1324 730 1416 769 vni·

90 789 296 830 uerfiilitati
335 788 515 828 methodi
546 789 711 828 multum
735 790 952 827 decederet.
1018 789 1239 841 Equidem,
1272 803 1415 843 quam-

87 853 146 892 uis
180 861 328 892 metum
369 851 468 891 hunc
503 864 646 890 vanum
681 848 757 890 esse
789 852 1032 904 putauerim,
1065 851 1090 892 fi
1123 852 1252 892 sermo
1287 853 1339 892 est
1362 854 1413 894 de

83 915 189 967 aquis
219 915 391 954 dulcibus
423 914 632 954 fluminum
671 926 933 966 magnorum,
964 924 1003 953 et
1039 927 1135 967 quae
1167 928 1247 954 non
1277 928 1328 955 ex
1350 916 1413 956 so-

81 976 129 1017 lis
166 978 400 1017 torrentibus
433 988 496 1017 ant
533 976 702 1016 fontibus
734 978 984 1016 mineralibus
1004 977 1225 1018 confluunt:
1258 988 1410 1031 tamen,

82 1041 171 1093 quia
206 1040 318 1080 huius
351 1041 441 1080 nodi
482 1040 622 1078 solutio
662 1040 777 1079 vnice
812 1040 860 1079 ab
898 1041 1138 1092 experientia
1184 1041 1408 1096 dependet;

82 1115 248 1156 operam
281 1104 397 1151 dedi,
434 1113 475 1141 vt
506 1102 660 1141 diuersis
698 1105 735 1141 in
774 1102 871 1142 locis
900 1105 1171 1156 experimenta
1204 1103 1411 1145 Thermo-

82 1166 220 1206 metris
257 1166 396 1205 nostris
433 1166 694 1205 influerentnr.
761 1165 1012 1220 Quapropter
1044 1176 1133 1206 ante
1168 1168 1303 1206 omnia
1343 1162 1406 1208 CI.

84 1227 168 1270 Dn.
206 1228 408 1269 Gmelinutn
443 1230 490 1267 de
527 1227 600 1267 hac
633 1241 674 1267 re
715 1230 924 1268 certiorem
971 1227 1070 1279 feei,
1113 1238 1152 1268 et
1199 1230 1320 1282 petii,
1363 1238 1408 1271 vt

83 1291 401 1331 Thermometris
435 1292 536 1340 istis,
572 1303 667 1343 quae
715 1290 762 1330 ab
799 1292 1012 1331 Academia
1045 1292 1217 1344 accepit,
1259 1293 1405 1346 explo-

81 1351 207 1403 raret,
246 1355 402 1406 quinam
439 1355 574 1407 gradus
619 1350 757 1393 caloris
800 1355 834 1393 se
883 1354 1168 1397 manifestarent
1207 1357 1246 1394 in
1297 1357 1404 1409 aquis

80 1418 273 1457 tractuum
319 1416 676 1470 septentrionalium
724 1417 763 1454 in
816 1418 951 1456 itinere
995 1416 1060 1456 suo
1104 1419 1405 1460 occurrentibus.

80 1481 228 1535 Quodsi
265 1480 364 1520 sbrte
401 1481 615 1529 accideret,
657 1489 697 1518 vt
735 1479 974 1519 differentiae
1010 1480 1197 1532 quaedam
1234 1481 1405 1522 demon-

81 1544 248 1583 strabiles
283 1544 500 1593 orirentur,
544 1542 644 1582 nulla
688 1542 831 1581 melior
877 1541 1003 1582 afferri
1050 1543 1200 1582 medela
1249 1545 1400 1597 potest,

79 1619 195 1658 quam
236 1615 278 1645 vt
313 1605 558 1654 obseruator,
598 1605 659 1657 qui
702 1606 804 1644 hince
842 1605 950 1644 rebus
990 1606 1182 1645 incumbit
1217 1616 1257 1645 et
1289 1607 1402 1648 dele-

79 1673 226 1716 (tatur,
265 1669 400 1708 eadem
439 1668 632 1708 methodo
670 1680 740 1720 qua
779 1679 850 1706 nos
900 1668 1076 1720 egimus,
1120 1670 1160 1707 in
1204 1670 1400 1711 rationem

77 1733 277 1784 grauitatis
313 1730 535 1783 specificae,
573 1743 687 1782 quam
724 1730 942 1770 Mercurius
987 1730 1051 1770 sub
1086 1731 1237 1771 diuerso
1282 1733 1400 1774 volu-

79 1797 186 1835 mine
226 1795 264 1834 in
301 1794 456 1835 diuersis
492 1794 669 1847 grachus
714 1793 853 1832 caloris
896 1807 1076 1846 aquarum
1123 1793 1273 1834 suarum
1320 1795 1399 1837 ser-

76 1869 193 1909 uant,
225 1858 418 1907 iniuirat,
457 1869 497 1897 et
531 1857 731 1896 (erundum
763 1857 871 1896 illam
902 1857 1186 1896 thei-momerra
1205 1857 1270 1897 fibi
1299 1871 1398 1898 con..

76 1920 196 1961 ficiat.
265 1918 432 1972 Cognita
470 1931 599 1960 autem
641 1921 704 1959 ista
743 1921 915 1970 ratio-ne,
964 1919 1203 1959 differentiae
1243 1934 1396 1973 quoque

73 1984 453 2024 therrnometrorum
490 1985 597 2023 facile
639 1984 736 2022 inter
773 1981 808 2022 se
846 1982 1066 2023 combinati
1104 1992 1143 2022 et
1178 1982 1224 2022 ad
1271 1996 1395 2025 vnam

72 2047 294 2089 mensuram
330 2048 460 2088 reduci
494 2057 692 2101 poterunt.

677 2108 713 2149 T
736 2117 750 2148 t
784 2122 808 2160 3
1231 2079 1392 2151 COG-Il-
