1941 2674
513 99 597 130 100
632 86 711 129 DE
746 83 990 131 LEGIBVS
1019 79 1378 143 QVIBVSDAM
1411 81 1787 126 MECHANICIS

502 206 610 246 fufius
629 203 691 255 egi
710 203 750 242 in
780 202 921 242 Comm.
941 201 1048 242 Tom.
1064 200 1102 241 I.
1132 207 1223 254 pag.
1252 211 1350 248 131.
1372 206 1407 239 et
1412 197 1518 254 seqq.
1534 231 1546 251 ,
1579 200 1647 239 vbi
1666 212 1790 252 quan-

501 269 655 308 titatem
688 265 943 305 elementarem
969 264 1080 320 pdt,
1113 275 1212 316 quae
1246 263 1481 316 producTtum
1515 263 1567 303 est
1605 274 1657 302 ex
1690 262 1793 314 pres-

501 331 605 371 sione
638 330 678 367 in
711 328 950 367 elementum
993 326 1207 378 temporis,
1256 337 1353 365 voce
1395 326 1564 379 simplici
1602 325 1793 380 preffionis

503 397 770 435 momentaneae
803 389 989 429 indicaui:
1023 388 1172 430 Eadem
1207 388 1271 427 hic
1303 401 1455 441 quoque
1487 398 1644 428 vtemur
1680 397 1794 441 atque

502 456 550 497 sic
583 453 856 494 affirmabimus
875 448 1056 504 summam
1088 453 1240 492 onmium
1266 451 1482 505 preffionnm
1524 458 1795 491 momentanea-

502 530 583 559 rum
596 549 607 569 ,
638 524 816 570 ‘utcunque
849 516 1078 555 ‹vm-lantiunt
1091 546 1102 566 ,
1135 525 1229 568 qnae
1257 515 1403 566 definito
1435 517 1577 569 corpori
1608 514 1796 565 dafinitam

504 580 734 622 velocitatem
767 575 1005 633 imprcfferint
1039 590 1065 618 a
1096 580 1237 632 quiete,
1256 575 1405 632 semper
1435 579 1587 619 eandem
1619 576 1685 632 effe
1699 608 1711 627 ,
1740 577 1795 616 ita

503 645 625 684 etiam
659 643 795 683 eadem
828 641 978 694 semper
1012 642 1087 681 erit
1124 653 1194 680 nec
1234 653 1257 681 a
1298 642 1420 695 priori
1460 640 1604 683 diuersa
1646 641 1795 682 summa

455 720 459 724 ’
503 707 685 747 omnium
712 704 929 760 preffionum
963 711 1312 754 momentanearum,
1353 717 1448 757 quae
1481 705 1586 744 idem
1630 714 1770 755 corpus
1783 731 1797 753 ,

502 769 619 810 simili
651 768 861 808 velocitate
894 776 1071 822 motum,
1109 768 1324 809 contranisu
1354 767 1420 809 suo
1454 768 1500 808 ad
1532 768 1704 821 quietem
1732 777 1798 805 re-

503 833 644 873 ducere
678 830 833 885 possint.

620 926 652 973 ξ.
693 937 733 964 2.
766 922 892 977 Igitur
923 924 1027 964 haud
1060 924 1270 977 ineptede
1302 936 1468 978 corpore
1488 933 1603 965 moto
1622 921 1797 964 affirma⁴

504 987 630 1037 bitur,
665 986 785 1026 inesse
819 987 878 1027 illi
909 987 1109 1027 definitam
1143 987 1313 1040 aliquam
1340 987 1557 1041 preffionum
1595 992 1800 1026 momenta-

435 1049 440 1051 ”
504 1061 653 1091 nearum
684 1048 935 1090 collestarum
968 1050 1248 1103 quantitatem,
1282 1050 1355 1090 siue
1375 1059 1507 1090 motus
1526 1049 1798 1102 quantitatem,

503 1113 621 1164 idque
652 1112 793 1152 eodem
825 1112 933 1163 iure,
966 1124 1043 1165 quo
1075 1112 1238 1164 dicitur,
1269 1113 1372 1166 quod
1391 1113 1549 1165 corpori
1569 1120 1684 1152 moto
1703 1109 1800 1150 inest

505 1174 666 1216 definita
697 1175 834 1215 virium
866 1176 1041 1215 vittarum
1071 1176 1279 1228 quantitas:
1313 1184 1353 1214 et
1386 1175 1470 1214 sunt
1502 1187 1636 1214 reuera
1677 1173 1797 1213 ambo

506 1238 697 1292 principia
731 1238 831 1276 inter
863 1236 899 1277 se
931 1238 1146 1277 admodum
1178 1237 1348 1290 similia,
1392 1237 1461 1277 scis
1493 1237 1601 1277 enim
1644 1235 1801 1289 quanti-

508 1310 629 1341 tatem
679 1301 817 1340 virium
871 1300 1043 1341 vittarum
1083 1301 1239 1352 corpori
1277 1300 1474 1340 insitarum
1506 1296 1692 1352 de'fignari
1729 1310 1800 1352 per

507 1369 646 1411 {znvv
679 1372 719 1403 et
753 1362 830 1403 esse
863 1357 1186 1416 {nzvvzzspdx
1217 1363 1435 1415 (designato
1454 1375 1524 1415 per
1541 1363 1602 1403 dx
1619 1362 1798 1403 elemen-

507 1434 551 1467 to
586 1426 720 1479 spatii,
754 1425 859 1478 quod
890 1425 1134 1479 tempusculo
1168 1426 1219 1467 dt
1248 1426 1532 1478 percurritur),
1565 1426 1603 1466 id
1635 1425 1711 1476 est,
1740 1436 1797 1465 :2

503 1488 680 1529 summae
713 1487 1076 1541 produetorumex
1109 1488 1276 1541 spatiolo
1308 1498 1347 1528 et
1378 1487 1585 1542 preffione:
1618 1488 1642 1529 fi
1681 1487 1798 1541 igitur

505 1552 599 1592 istud
631 1551 996 1605 produst111n·voce
1028 1552 1195 1604 simplici
1221 1551 1411 1607 preffionis
1424 1548 1604 1606 spetialis
1621 1551 1798 1604 designe-

506 1628 618 1665 mus,
653 1615 807 1654 mutatis
827 1614 956 1654 verbis
976 1627 1077 1655 nunc
1095 1615 1294 1666 dicemus,
1317 1612 1497 1669 flammam
1525 1618 1678 1656 omnium
1689 1608 1796 1669 pres-

506 1679 636 1723 stonum
657 1674 875 1731 spatialinm
907 1684 1084 1731 vta-unque
1114 1680 1345 1720 variantmm
1358 1710 1369 1731 ,
1402 1690 1495 1734 quae
1528 1679 1675 1730 definito
1711 1687 1797 1719 cor*

501 1743 588 1795 pori
624 1741 812 1794 dssnitam
854 1740 1085 1782 velocitatem
1128 1739 1366 1798 imprcffemint
1402 1755 1429 1783 a
1464 1744 1616 1797 quiete,
1647 1737 1798 1796 semper

506 1804 657 1847 eandem
690 1800 773 1860 effe:
806 1804 861 1845 Et
891 1803 990 1845 hanc
1021 1806 1352 1859 propositionem,
1387 1819 1481 1861 quae
1503 1805 1662 1861 prOprie
1677 1805 1796 1859 ipsam

496 1871 646 1910 ‘virium
681 1872 852 1910 vinorum
872 1868 1206 1909 conseruationem
1227 1871 1439 1924 exprimit,
1475 1870 1585 1910 alteri
1602 1870 1635 1919 §.
1662 1881 1699 1908 1.
1720 1879 1798 1909 ex-

509 1929 729 1985 exprefflie,
767 1931 1007 1972 simillimum
1043 1931 1118 1972 effe
1151 1933 1199 1973 fic
1233 1935 1356 1975 vides:
1401 1934 1528 1987 prima
1565 1945 1638 1987 pro
1670 1931 1798 1972 subie-

509 1996 573 2035 cto
609 1994 724 2034 habet
755 1995 987 2048 produd'tum
1021 2008 1070 2035 ex
1104 1997 1222 2036 maffa
1255 1998 1295 2037 iu
1326 1996 1606 2051 velocitatem,
1638 1992 1798 2036 secunda

492 2059 738 2113 productum
755 2070 806 2100 ex
825 2057 940 2100 m‘affa
959 2058 1000 2099 in
1020 2060 1244 2114 quadratum
1266 2060 1501 2104 velocitatis.
1693 2067 1724 2118 ς,
1750 2077 1792 2116 3.
