1941 2674
526 81 583 120 86
820 76 1070 120 SOLVTIO
1105 75 1373 120 PROBLEM
1376 76 1495 120 ATV
1498 78 1552 119 M

563 188 980 261 SOLVTIO
1029 187 1788 279 PROBLEMATVM

590 279 1360 340 RECTIFICATIONEM
1404 280 1725 341 ELLIPSIS

927 374 1395 430 REQVIRENTIVM.

1043 462 1280 498 AVCTORE

928 528 1127 590 Leonh.
1164 529 1383 591 Εῑιίενο.

1106 676 1145 725 ξ.
1184 695 1223 722 1.

325 765 434 797 'fabffi‘
458 764 510 796 Ἦ·
569 746 635 919 ἐξ
685 772 819 818 Gitata
851 775 931 816 iam
965 774 1149 830 superiori
1179 775 1305 816 seculo
1338 775 1441 817 inter
1473 770 1705 818 Geometras
1724 775 1806 818 sunt

717 839 938 880 huiusmodi
970 840 1233 892 problemata,
1267 840 1308 879 in
1345 840 1473 892 quibus
1487 841 1590 880 linea
1609 852 1724 880 curua
1743 852 1807 880 re-

713 902 954 955 quirebatur,
987 915 1082 954 quae
1114 902 1163 942 ab
1192 900 1353 941 infinitis
1385 903 1573 955 positione
1604 903 1702 942 datis
1717 915 1809 942 cur-

518 966 577 1004 uis
608 977 709 1004 arcus
740 964 913 1017 aequales
945 964 1194 1004 abscinderet.
1257 962 1655 1005 Communicauerunt
1687 965 1808 1004 etiam

517 1026 589 1065 illo
622 1036 802 1080 tempore
836 1024 898 1065 Cl.
923 1024 985 1066 Cl.
1007 1023 1250 1066 Geometrae
1282 1025 1477 1078 elegantes
1503 1027 1714 1066 solutiones
1733 1039 1807 1079 pro

517 1089 624 1139 casu,
657 1102 735 1141 quo
767 1102 906 1128 curuae
939 1089 1131 1141 positione
1167 1089 1278 1129 datae
1312 1089 1412 1128 inter
1443 1088 1478 1129 se
1519 1088 1601 1128 sunt
1640 1088 1805 1141 ssmiles,

518 1151 686 1191 vticum
719 1151 766 1190 ab
799 1150 960 1190 infinitis
993 1151 1168 1201 circulis,
1200 1151 1266 1191 vel
1299 1152 1491 1204 parabolis
1508 1163 1614 1191 arcus
1632 1152 1810 1204 aequales

519 1213 763 1254 abscindendi
795 1214 927 1253 esseut.
995 1213 1133 1254 Nemo
1168 1223 1323 1264 autem,
1355 1223 1537 1266 quantum
1556 1213 1724 1262 constat,
1744 1213 1807 1254 vl-

519 1277 637 1316 terius
667 1276 721 1315 est
750 1273 993 1328 progressus,
1025 1288 1149 1328 neque
1181 1277 1379 1328 quisquam
1413 1289 1488 1330 pro
1531 1276 1659 1316 curuis
1699 1275 1806 1316 diffi-

517 1338 674 1379 milibus
706 1338 941 1391 problemati
973 1337 1169 1389 satisfecit,
1204 1338 1353 1379 etiamst
1383 1339 1464 1379 iam
1508 1347 1592 1378 tum
1637 1339 1808 1391 quaestio

517 1401 567 1440 de
599 1401 757 1441 infinitis
794 1401 989 1453 ellipfibus
1027 1409 1322 1454 proponeretur.
1392 1401 1523 1454 Atque
1560 1401 1805 1453 etiamnum,

516 1475 609 1505 cum
641 1449 787 1516 Insigni
826 1461 1066 1504 Geometrae
1107 1475 1178 1516 per
1220 1463 1365 1503 litteras
1402 1462 1696 1516 fignificaffem,
1738 1476 1826 1519 mer

517 1527 788 1578 aequationem
821 1539 894 1579 pro
926 1539 1065 1576 curua,
1097 1537 1193 1578 quae
1223 1526 1271 1565 ab
1303 1526 1464 1566 infinitis
1495 1525 1690 1579 ellipsibus
1724 1526 1806 1566 dis-

516 1588 703 1629 similibus
737 1600 844 1629 arcus
875 1588 1049 1641 aequales
1079 1586 1336 1640 abscinderet,
1371 1589 1580 1640 inueniffez,
1616 1588 1682 1627 ille
1703 1588 1806 1629 mihi

516 1650 711 1704 respondit
742 1650 854 1691 huius
886 1651 1139 1704 problematis
1170 1649 1404 1692 solutionem
1436 1651 1477 1690 in
1509 1650 1569 1691 sua
1609 1663 1689 1690 non
1728 1649 1806 1691 effe

518 1715 732 1766 potestate,
768 1726 906 1768 meque
925 1714 1036 1754 simul
1060 1713 1239 1766 rogauit,
1275 1722 1320 1753 vt
1347 1726 1477 1754 meam
1507 1713 1742 1754 solutionem
1762 1715 1804 1754 in

519 1788 600 1816 non
626 1777 952 1817 contemnendum
973 1774 1167 1826 analyseos
1184 1785 1434 1828 augmentum
1453 1777 1802 1818 communicarem.

634 1869 667 1917 ξ.
706 1882 746 1910 2.
780 1870 903 1910 Huius
934 1878 1067 1910 autem
1098 1870 1328 1923 quaestionis
1359 1870 1510 1911 summa
1540 1869 1745 1912 difficultas
1762 1870 1802 1911 in

519 1930 600 1971 hoc
631 1933 822 1984 consistit,
856 1934 961 1987 quod
993 1932 1225 1974 diuersarum
1258 1943 1299 1974 et
1328 1933 1567 1975 dissimilium
1608 1933 1803 1987 ellipfium

517 1992 819 2037 te&ificationes
852 2009 875 2038 a
906 1995 943 2037 se
976 2004 1114 2039 mutuo
1150 2009 1232 2039 non
1267 1997 1473 2054 pendeant.
1537 1995 1650 2039 Hanc
1693 1995 1804 2036 enim

1747 2057 1803 2100 ob
