1941 2674
406 96 473 139 IN
504 95 673 140 TJ'RIS
707 98 1140 141 CAPILLARIBVS.
1373 115 1460 154 303

553 211 931 269 Coroiiarium
968 230 1029 282 7,

256 296 297 337 Si
332 298 438 338 fluidi
472 301 648 339 attrae‘tio
684 311 814 340 mutua
854 302 980 340 maior
1013 302 1091 351 cst,
1133 314 1247 353 quam
1283 302 1462 344 attractio

138 361 186 401 ad
220 363 387 411 vitrum,
426 364 483 401 vti
517 364 588 402 effi:
622 363 717 403 fluct
749 366 786 403 in
820 364 1014 404 Mercurio
1055 364 1148 410 (Pr.
1171 364 1249 405 IX.
1273 365 1460 420 Schol.);

136 425 215 464 hoc
248 426 324 475 est,
358 426 383 465 11
417 428 558 479 p<q:
603 439 683 466 tum
720 427 882 466 fluidum
925 440 972 466 ne
1012 428 1167 480 quidem
1202 430 1248 468 ad
1282 429 1459 470 libellam

136 487 328 540 ascendit,
362 500 400 528 et
433 490 593 544 cstyitlus
625 493 698 530 erit
731 492 873 542 pariter
889 493 1096 545 reciproce,
1129 494 1186 531 ⁸vti
1206 492 1393 533 diametri.

566 551 948 606 Corollarium
988 561 1042 619 8,

247 634 319 675 Per
350 635 648 685 attrad'tioncm,
684 651 779 688 quae
816 638 915 677 iuter
948 637 1153 690 particulas
1179 652 1316 692 aqueas
1336 640 1459 680 inter-

131 698 258 748 cedit,
294 711 372 737 non
406 699 473 737 niti
503 710 608 750 gutta
649 700 836 739 litstcntari
870 701 1018 752 potest,
1063 714 1136 754 qua
1177 703 1296 742 nimis
1344 704 1456 743 auita

130 761 308 801 cohaesio
340 762 529 813 rumpitur
561 762 650 801 (Pr.
671 762 749 801 VII
780 769 805 811 ).
843 763 985 814 Neque
1017 764 1136 814 igitur
1167 776 1237 816 per
1272 765 1354 804 vim
1394 775 1455 805 at-

129 825 332 864 trastiuam
367 824 496 863 annuli
528 823 697 875 supremi
731 824 929 864 canaliculi
970 825 1055 872 (Pr‘.
1078 826 1452 879 XXV.XXVII.)

125 887 212 940 plus
244 899 358 939 quam
392 896 521 938 gutta,
555 889 693 938 absque
726 886 919 927 descensus
952 899 1060 928 metu
1101 889 1276 929 cohiberi
1313 891 1451 944 potest.

124 949 269 990 Pondus
300 950 418 1001 igitur
451 949 665 1001 tynum-uli,
698 953 763 1002 qui
798 951 845 991 ab
878 950 955 990 hoc
987 952 1130 991 annulo
1163 952 1346 1005 supremo
1383 955 1452 994 de·-

121 1014 290 1066 pendet‚
325 1013 463 1066 pondus
488 1013 656 1064 gu‘tulae
686 1014 861 1054 excedere
891 1025 958 1053 non
989 1014 1106 1054 debet.
1171 1015 1450 1068 Deprehendit

123 1086 255 1116 autem
276 1076 374 1116 Exc.
394 1075 629 1128 thffwrus
662 1075 787 1123 (Diff.
810 1087 872 1116 c1t.
899 1079 934 1127 ξ.
955 1077 1168 1130 XXVII.)
1197 1088 1323 1119 totam
1343 1080 1442 1120 mas-
1466 1086 1572 1126 Exper.
1600 1096 1649 1126 23.

122 1139 203 1179 lam
238 1139 537 1189 columnarum,
583 1152 744 1192 quarum
779 1140 944 1179 altitudo
986 1141 1037 1180 est
1071 1141 1109 1180 in
1151 1143 1307 1182 ratione
1357 1144 1447 1184 dia-

122 1211 339 1242 metrorum
387 1202 607 1254 reciproca,
662 1215 741 1242 non
788 1203 977 1243 excedere
1025 1204 1214 1256 guttulam
1267 1216 1446 1260 tantam,

120 1274 258 1318 quanta
293 1264 342 1304 ab
376 1265 530 1304 orificio
563 1265 681 1306 tubuli
716 1265 856 1305 infimo
888 1266 1102 1319 dependere
1130 1268 1268 1319 potest.
1336 1270 1446 1311 Patet:

119 1329 239 1380 igitur
269 1329 372 1368 ratio
405 1327 664 1369 vehementer
695 1329 907 1381 probabilis
939 1339 979 1369 et
1011 1342 1207 1382 congrua,
1241 1345 1356 1384 quare
1384 1335 1444 1373 as-

120 1391 248 1431 census
280 1389 416 1441 cessat,
450 1392 602 1445 quando
635 1392 856 1432 altitudines
888 1392 936 1431 ad
967 1392 1095 1432 datam
1139 1396 1442 1447 proportionem

118 1464 386 1502 accrcuerunt‚
421 1456 510 1507 quia
547 1455 730 1495 videlicet
760 1468 830 1508 per
860 1455 1050 1495 ascensum
1085 1456 1314 1498 vlteriorem
1333 1469 1443 1511 gutta

119 1518 250 1557 maior
270 1517 413 1557 cleuari
436 1518 610 1569 deberet,
629 1532 743 1572 quam
766 1531 835 1572 per
854 1517 1121 1559 cohaesionem
1142 1533 1261 1572 aquae
1271 1521 1440 1563 sustineri

117 1581 254 1633 potest.
324 1581 374 1621 Et
407 1581 492 1633 quia
526 1583 566 1621 in
599 1582 738 1621 tubulis
768 1582 915 1621 orificii
949 1583 1134 1633 maioris,
1168 1583 1229 1624 sed
1260 1585 1439 1625 eiusdem

116 1645 259 1697 vbique
296 1645 500 1689 diametri,
543 1645 674 1685 annuli
715 1645 1019 1685 canaliculorum
1069 1658 1224 1700 quoque
1266 1648 1438 1688 maiores

115 1706 221 1757 sunt,
263 1707 427 1760 sequitur
468 1708 507 1746 in
546 1707 686 1748 tubulis
726 1708 982 1762 amplioribus
1035 1709 1229 1749 maiorem
1280 1722 1435 1763 quoque

113 1779 265 1823 guttam
299 1771 439 1824 (Prop.
457 1770 599 1820 VIII.)
632 1770 774 1811 attrahi
804 1768 935 1826 poffe,
970 1771 1096 1811 modo
1135 1772 1328 1813 diameter
1367 1773 1436 1815 ista

112 1833 394 1875 dimensionem
427 1834 693 1888 (Prop.XVI.
716 1832 809 1874 Cor.
837 1841 902 1885 2.)
939 1834 1074 1875 iustam
1107 1847 1186 1875 non
1204 1836 1384 1877 excedat.

569 1893 863 1951 Scholium
901 1913 954 1957 2·

225 1981 354 2032 Atque
386 1981 438 2021 ita
469 1981 509 2020 in
538 1983 670 2035 aprico
703 1982 937 2022 collocatam
969 1978 1045 2021 effe
1078 1982 1272 2022 rationem
1312 1991 1431 2037 puto,

109 2056 225 2100 quare
257 2043 422 2086 ascensus
452 2057 570 2099 aquae
604 2045 759 2087 taudem
799 2044 935 2099 cess‘et,
985 2053 1025 2085 ct
1074 2057 1189 2100 quare
1239 2045 1434 2087 descensus

1370 2108 1428 2150 se-
