1941 2674
344 72 415 116 IN
447 69 656 116 MVSEO
686 69 1120 116 IMPERATORIO.
1271 86 1361 125 379

71 189 304 244 perspicuum
341 190 482 243 magis,
518 203 630 243 quam
665 190 711 230 ab
746 189 908 241 annulis,
942 191 1003 243 qui
1037 192 1073 230 in
1106 190 1264 230 brachiis
1295 204 1361 244 ge-

70 253 155 293 stari
191 254 409 306 potuerint,
463 252 602 293 horum
637 254 891 294 diadematum
930 253 1094 294 formam
1128 254 1358 305 abhorrere,

69 327 200 356 contra
227 329 268 356 ea
299 315 490 367 Byzantiis
517 317 784 356 diadematibus
811 317 955 369 penitus
986 330 1202 370 congruere.
1274 320 1359 358 An-

71 380 220 418 toninus
251 380 312 418 ille
346 380 568 430 Elagabalus
603 381 733 419 exaeta
772 382 807 418 in
842 379 948 430 Syria
984 382 1137 432 pueritia
1159 412 1168 430 ‚
1219 381 1359 432 voluit,

68 452 109 481 vt
143 444 194 482 ait
227 444 355 482 Aelius
386 442 624 495 Lampridius
657 446 667 490 (
681 444 704 483 b
718 451 731 491 )
752 474 761 490 ‚
814 443 1024 483 diademate
1051 451 1238 496 gemmato
1269 447 1329 485 vti
1348 476 1358 495 ‚

69 516 139 558 quo
166 512 204 544 et
231 503 314 559 estu·
339 506 384 559 est
409 507 513 545 domi.
582 506 711 545 Etiam
746 507 950 558 imaginem
984 506 1085 546 suam
1118 507 1262 560 pie'tam
1289 509 1359 548 illo

69 581 156 608 cum
190 570 398 608 diademate
430 571 466 608 in
495 569 640 608 Vrbem
675 569 775 609 misit
806 578 890 608 ante
921 570 1122 609 aduentum
1156 572 1281 621 suum,
1316 581 1357 612 vt

64 633 251 684 populum
286 633 509 674 Romanum
543 632 749 685 spectaculo
782 631 866 671 huic
897 632 1134 672 adsuefaceret
1165 636 1235 679 (c).
1269 633 1356 674 ·Si-

65 707 111 735 ue
145 696 180 735 id
217 695 352 735 honori
388 696 495 748 patrii
530 697 691 734 numinis
725 696 868 734 dederit
890 725 900 743 ,
950 696 1047 735 cuius
1078 698 1116 735 in
1148 696 1356 738 sacerdotio

64 757 238 798 diadema
279 760 465 810 gesserat,
521 768 562 796 vt
594 756 781 797 Gisbertns
816 755 981 809 Caper-us
1025 760 1070 798 ad
1115 758 1354 801 Laetantium

62 821 127 862 fibi
160 822 277 861 videri
309 821 498 868 ostendit,
549 820 622 860 fiue
653 832 785 872 regum
807 819 1041 860 ,Parthorum
1075 823 1352 874 aemulatione,

62 884 265 924 absterritus
306 893 434 923 tamen
469 883 521 922 est
558 883 694 922 iudicio
736 883 865 935 populi
897 884 1066 924 Romani
1097 897 1118 924 a
1152 887 1351 938 peregrino

61 958 173 986 more
201 947 323 986 alieni.
391 947 609 986 Aurelianus
636 947 820 998 Angustus
848 959 1012 999 quoque,
1046 947 1153 986 vietis
1172 948 1286 988 Perfis
1313 958 1353 990 et

61 1004 234 1050 Zenobia
267 1010 578 1060 Palmyrenorum
611 1010 758 1060 regina,
792 1009 965 1049 diadema
997 1010 1150 1063 sumpsit
1181 1011 1263 1060 (A),
1301 1013 1352 1053 ita

61 1084 181 1123 vero,
218 1083 259 1113 vt
286 1073 368 1125 post
395 1086 484 1112 eum
512 1074 661 1111 coronis
688 1073 831 1111 radi-atis
857 1073 1055 1126 laureisque
1086 1074 1257 1114 restitutis
1289 1086 1353 1116 aut

59 1136 174 1189 galeis
213 1137 367 1189 receptis
387 1167 396 1183 ,
451 1138 593 1188 primus
624 1134 883 1174 Constantinus
916 1135 960 1176 M
1008 1144 1186 1190 perpetuo
1217 1138 1351 1178 diade-

60 1206 160 1240 mate
186 1199 253 1240 (ele
283 1199 494 1249 exornarit,
528 1199 848 1252 quemadmodum
872 1197 911 1238 S.
931 1200 1104 1239 Aurelius
1129 1200 1266 1241 Vie‘tor
1292 1202 1348 1242 fa-

60 1273 118 1303 tus
162 1263 228 1303 est.
325 1260 584 1303 Constantinus
630 1263 730 1302 iuxta
767 1261 800 1301 se
836 1261 964 1302 fratres
994 1275 1142 1315 quoque
1181 1274 1218 1304 et
1252 1264 1351 1306 filios

59 1326 326 1366 diadematibus
357 1325 515 1380 insigniri
547 1326 663 1378 passus
693 1325 758 1365 est.
855 1325 909 1365 Et
940 1339 1027 1365 cum
1059 1327 1146 1366 inde
1179 1339 1292 1380 vsque
1326 1341 1348 1370 a

59 1389 290 1430 Domitiano
315 1388 422 1441 Imp.
453 1390 655 1429 institutum
684 1389 820 1437 flasset,
849 1399 893 1428 vt
918 1387 1172 1442 Imperatores
1193 1391 1347 1432 summo

56 1441 104 1493 ii?
133 1453 276 1505 fastigio
310 1447 614 1505 Au‘lonfiotroeeg
648 1461 686 1491 et
714 1452 862 1507 Augtssi
894 1452 1168 1504 appellarentur
1189 1484 1199 1502 ‚
1252 1467 1346 1507 pro-

58 1517 173 1556 ximo
202 1517 316 1568 gradu
337 1547 347 1565 ‚
391 1517 441 1555 ob
474 1516 576 1570 spem
609 1515 815 1555 succedendi
848 1516 1083 1556 consisterent
1115 1514 1343 1570 Kaio-ages,

59 1580 193 1620 deinde
225 1579 300 1618 fere
327 1579 482 1632 Augusti
515 1580 636 1619 modo
667 1591 756 1618 cum
783 1577 993 1619 Caesaribus
1024 1579 1120 1619 hanc
1151 1581 1347 1621 diadema-

61 1644 105 1683 tis
145 1642 378 1683 maiestatem
419 1644 775 1691 communicarunt,
826 1643 947 1682 modo
978 1642 1054 1682 hoc
1085 1643 1164 1683 solo
1199 1643 1347 1684 honore

57 1705 128 1746 sese
159 1706 420 1759 praetulerunt.
514 1705 586 1745 Sed
622 1707 659 1745 in
693 1705 766 1758 ipsa
798 1705 920 1745 forma
953 1706 1206 1746 diadematum
1243 1709 1345 1761 saepe

57 1779 247 1811 mutatum
283 1770 376 1818 fuit,
413 1769 626 1822 praesertim
660 1781 745 1808 cum
780 1770 870 1808 tiara
903 1769 1104 1809 accederet·
1173 1769 1345 1823 Spectari

58 1834 96 1873 id
124 1832 244 1886 potest
270 1833 307 1872 in
342 1834 464 1872 numis
490 1834 586 1886 apud
613 1830 792 1872 Carolum
820 1831 1084 1885 Ducangium‚
1117 1833 1342 1875 Anselmum

58 1895 287 1937 Bandurium
324 1906 362 1936 et
401 1896 506 1936 alios.
603 1897 718 1935 Anna
751 1891 950 1935 comnena
985 1895 1342 1949 Porphyrogenneta

59 1959 191 2002 Alexii
230 1957 332 2013 Imp.
381 1959 456 1999 filia
498 1959 706 2013 perfeetum
747 1958 1000 2012 Augustorum
1043 1959 1218 2000 diadema
1239 1991 1249 2010 ‚
1299 1970 1344 2001 vt

613 2021 725 2061 Bbb
762 2035 783 2060 2
1255 2033 1338 2065 tum
