1941 2674
434 124 500 166 IN
531 121 702 165 Ti‘ffls
735 121 1172 166 CAPILLARIBVS.
1374 123 1464 175 309

148 240 424 297 'pondusculum
444 251 539 282 vero
569 254 687 295 aquae
716 242 866 282 ratione
895 240 1037 281 virium
1067 240 1221 281 istarum
1242 240 1284 281 sit
1313 240 1466 285 infinite

145 318 327 360 paruum:
381 306 561 358 particula
599 318 717 358 aquea
755 306 807 344 ita
846 306 1020 357 vtrinque
1050 302 1252 344 sollicitata
1288 305 1327 344 in
1364 316 1468 357 quo·

145 381 293 422 cunque
332 368 423 408 loco
460 368 579 408 tubuli
619 368 739 420 posita
777 366 950 407 haerebit
994 368 1180 407 immota.
1247 365 1309 408 Sit
1349 379 1466 407 nem-

143 445 194 485 pe
240 433 338 471 iutra
383 431 560 471 tubulum
603 429 686 471 AB
732 430 917 484 particula
963 442 1080 482 aquea
1109 427 1168 481 C,
1221 443 1316 483 quae
1355 429 1459 470 solli·
1474 445 1573 484 Figura
1594 441 1643 483 μ’

143 497 282 535 citatur
320 505 398 534 tam
436 494 577 534 sursum
614 505 730 547 quam
767 492 946 534 deorsum
982 493 1029 532 ab
1064 493 1213 532 annulis
1242 492 1462 547 superficie—
1482 488 1644 526 Exper.25.

142 571 230 598 rum
275 558 394 607 vitri,
435 557 664 611 particulam
710 558 889 609 vtrinque
934 556 1120 609 proxime
1169 556 1460 609 attingentibus.

141 620 202 660 Sit
223 620 440 660 sollicitatio
460 619 629 673 superior
649 617 764 672 :53
797 619 957 659 inferior
975 615 1077 672 :s3
1113 619 1261 671 pondus
1290 620 1461 672 particu-

139 683 201 723 lae
228 690 334 736 -ρῑ
368 683 442 722 erit
472 679 727 737 Szs÷p‚
764 690 803 721 et
838 681 1022 733 particula
1059 681 1230 721 immota
1267 681 1456 722 haerebit.

138 745 250 786 Idem
270 746 345 796 est,
382 744 408 784 fi
428 744 575 784 tubulus
602 741 902 784 horizontaliter
930 743 1072 796 pofitus
1098 743 1299 794 ingentem
1329 744 1455 794 cylin-
1470 739 1659 820 ἓῇῗῐειζὲ

136 809 252 849 drum
270 819 434 861 aqueum
453 808 646 847 continet:
678 816 768 846 tunc
789 805 896 845 enim
917 804 1066 858 pondus
1084 805 1165 844 eius
1192 804 1415 846 sustentatur
1432 820 1455 848 a

134 871 223 911 solo
238 871 357 910 latere
377 869 500 910 tubuli
513 901 529 921 ,,
559 878 598 909 et
616 866 962 922 quafi‘euanescit3
997 880 1092 921 aqua
1122 867 1241 920 igitur
1269 868 1456 923 quiescit,

131 934 219 987 quia
242 932 529 972 sollicitationes
548 933 692 973 virium
713 931 953 972 attractionis
981 931 1027 971 ad
1054 940 1258 984 Vtramque
1289 932 1457 985 cylindri

132 996 236 1037 basin
254 995 429 1050 aequales
448 995 543 1036 sunt.

487 1053 773 1113 scholium
810 1053 1116 1113 Generale.

247 1143 312 1183 En
331 1142 548 1183 Theoriam
568 1141 733 1182 ascensus
752 1150 792 1182 et
817 1141 1070 1196 suspensionis
1096 1154 1214 1196 aquae
1244 1142 1284 1184 in
1310 1143 1454 1185 tubulis

129 1205 344 1259 capillatis,
376 1205 556 1259 planam,
587 1204 761 1257 filcilem,
799 1216 850 1244 ex
868 1205 1176 1246 consideratione
1205 1206 1453 1260 phaenome-

128 1281 271 1309 norum
291 1269 420 1310 minus
437 1268 743 1321 compositorum
763 1269 934 1320 genitam
950 1299 961 1320 ,
993 1276 1032 1308 et
1059 1269 1259 1322 principiis
1295 1269 1451 1323 fimpli-

126 1332 282 1372 cissimis
301 1331 546 1372 adstruit-am.
592 1331 702 1387 Quae
731 1331 756 1371 si
785 1343 876 1371 vera
901 1332 980 1381 est,
1015 1331 1179 1371 aliarum
1214 1331 1447 1373 refutatione

127 1394 305 1436 stric'tiori
325 1407 404 1436 non
423 1394 478 1434 est
490 1407 585 1447 opus
650 1393 803 1435 Euadet
821 1393 886 1435 il-la
906 1392 1135 1448 perfectior,
1155 1395 1309 1447 quando
1328 1394 1448 1436 theo-

124 1459 180 1498 ria
201 1458 436 1499 attractionis
456 1459 494 1497 in
514 1469 654 1510 genere
673 1457 786 1497 latius
812 1458 885 1497 erit
908 1454 1079 1498 exculta.
1148 1456 1276 1499 Malui
1312 1467 1445 1500 autem

123 1521 164 1562 in
183 1521 261 1562 hoc
286 1521 448 1575 negotio
473 1532 683 1573 prouocare
712 1521 759 1561 ad
786 1516 1058 1574 experimenta
1083 1518 1199 1573 talia,
1235 1521 1276 1561 in
1307 1521 1445 1575 quibus

123 1583 396 1637 phaenomena
416 1596 436 1623 a
456 1582 690 1637 paucissimis
702 1582 832 1623 caussis
850 1577 1017 1636 apertis,
1051 1595 1168 1636 quam
1187 1584 1359 1637 pluribus
1378 1585 1443 1624 in·-

122 1649 250 1688 uicem
274 1648 407 1688 mixtis
425 1641 670 1700 dependent.>
721 1643 878 1687 Poffunt
897 1645 974 1686 hoe
994 1648 1119 1687 modo
1138 1645 1285 1688 facilius
1302 1647 1442 1688 euitari

121 1711 291 1752 fallaciae
326 1707 550 1751 caussarum.
616 1708 715 1750 Sunt
748 1709 875 1763 aliqua
901 1710 1172 1762 experimenta
1199 1711 1300 1750 inter
1329 1707 1443 1751 Mus-

120 1773 439 1814 scheubroekiana
455 1802 466 1821 ‚
499 1783 594 1826 quae
616 1772 707 1812 huic
735 1770 911 1813 theoriae
937 1771 1203 1813 contradicere
1229 1774 1437 1828 videntur3

120 1836 181 1878 sed
204 1849 253 1877 ne
281 1836 376 1877 haec
406 1836 619 1877 differtati'o
646 1836 686 1875 in
716 1836 909 1876 maiorem
936 1835 1088 1876 molem
1123 1835 1338 1877 excrescat:
1371 1848 1440 1877 re·—

117 1899 339 1952 sponfioncs
353 1931 363 1950 ‚
396 1911 491 1952 quae
510 1912 607 1938 nunc
628 1898 739 1939 facile
759 1900 798 1939 in
818 1908 978 1952 promtu
997 1898 1130 1948 errent,
1160 1899 1263 1939 dabo
1282 1900 1323 1939 in
1343 1896 1438 1939 scri-

117 1964 254 2017 ptione
276 1963 477 2015 lingulari3
499 1963 539 2001 in
558 1974 672 2015 quam
692 1962 813 2001 etiam
831 1959 1047 2002 solutiones
1075 1961 1241 2001 aliorum
1270 1962 1437 2014 plurium

115 2025 511 2080 ph;‚1e110111e110rum
545 2037 641 2078 quae
663 2023 886 2065 difficiliora
924 2023 1024 2078 effe,
1057 2033 1099 2065 et
1139 2024 1310 2105 aliorum
1356 2024 1438 2077 hy-

113 2087 333 2147 pothesibus
353 2087 476 2131 fiiuere
495 2088 700 2138 videntur,
731 2086 948 2129 reficiam·

678 2150 755 2209 Qq
790 2163 814 2202 ³
1147 2122 1150 2124 ’
1349 2149 1437 2196 DE
1456 2123 1463 2126 ”
