1941 2674
531 110 582 147 23
591 111 619 147 4
866 91 946 133 DE
978 91 1014 133 F
1015 90 1038 133 I
1040 88 1194 133 GVRA
1227 85 1416 130 TERRA
1422 89 1470 130 E.

525 215 596 253 ris:
631 208 779 250 necesse
810 210 886 258 est,
920 216 964 248 vt
995 207 1073 247 hoc
1105 218 1245 259 corpus
1276 217 1326 246 eo
1360 216 1543 258 tempore
1584 202 1722 248 feratur
1762 207 1821 249 se-

526 274 606 316 mel
640 274 741 314 circa
777 273 942 312 Terram
957 301 969 320 ‚
1003 282 1082 322 quo
1106 271 1232 309 radius
1251 269 1424 309 Telluris
1444 268 1585 308 faceret
1603 270 1690 309 duas
1709 271 1823 310 oscil-

525 339 717 388 lationes·⁷
753 335 855 388 quod
887 335 1013 386 itaque
1046 342 1195 385 tempus
1213 332 1373 372 duarum
1407 331 1694 373 oscillationum
1727 335 1825 375 radii

525 400 694 440 Telluris
713 398 970 451 indagandam
990 395 1116 435 restat.
1145 393 1247 434 Cum
1268 395 1508 446 experientia
1528 396 1683 445 doceat,
1719 396 1823 449 quod

524 462 734 516 pendulum
757 459 1006 513 longitudinis
1029 461 1107 497 881
1132 458 1383 498 dimidiarum
1411 457 1600 498 linearum
1635 458 1828 499 Parifien-

523 527 619 566 sium
651 524 822 565 absoluat
841 523 1124 563 oscillationem
1147 521 1299 561 vnicam
1327 529 1509 573 tempore
1541 522 1652 561 vnius
1679 522 1825 563 minuti

522 588 672 629 lecundi
689 619 700 639 ‚
736 587 925 641 quaeritur
944 598 1022 639 qno
1041 594 1222 637 tempore
1242 582 1414 624 absoluat
1432 583 1714 624 oscillationem
1734 586 1825 624 vni-

525 665 612 692 cam
644 652 852 704 pendulum
875 653 1180 699 5649350400
1202 646 1452 687 dimidiarum
1484 646 1699 698 linearum,
1728 657 1823 700 quot

527 715 686 767 quidem
720 713 895 753 continet
926 713 1046 751 radius
1064 711 1225 753 Terrae.
1291 709 1493 765 Quoniam
1515 710 1632 762 igitur
1648 710 1822 763 longitu-

526 778 633 821 dines
667 775 919 829 pendulomm
953 772 1035 814 sunt
1066 774 1105 812 in
1145 773 1297 813 ratione
1338 772 1528 824 duplicata
1561 776 1822 827 temporum,

527 840 664 893 quibus
696 838 861 891 singulae
901 836 1160 877 oscillationes
1192 835 1315 886 fiunt,
1351 836 1424 874 erit
1460 844 1605 875 vocato
1639 846 1820 890 tempore

528 904 568 942 in
605 903 764 942 minutis
800 901 969 940 secundis
1005 899 1119 944 vnius
1156 898 1406 938 osculationis
1449 911 1471 938 a
1516 899 1627 938 radio
1672 900 1821 975 :serrae

1683 958 1697 975 l

526 995 648 1036 saetae
678 1008 728 1045 x,
767 994 862 1034 haec
897 993 1098 1045 analogia:
1142 995 1568 1044 Ssz5649350400
1597 1007 1652 1033 z
1677 1007 1695 1032 1
1724 1002 1819 1048 :x²‚

525 1059 623 1098 vnde
644 1060 765 1098 oritur
784 1069 826 1107 x,
848 1057 913 1096 vel
932 1067 1100 1109 tempuS,
1120 1068 1196 1106 quo
1215 1056 1342 1096 radius
1369 1057 1513 1097 Terrae
1534 1058 1687 1097 vnicam
1707 1058 1822 1099 oscil-

523 1121 713 1162 lationem
734 1120 947 1160 absolueret
959 1131 1041 1158 :2
1050 1129 1068 1167 5
1081 1132 1102 1168 3
1112 1112 1175 1170 2⁰,
1186 1118 1250 1163 vel
1261 1115 1330 1169 42'
1347 1133 1364 1157 1
1377 1113 1440 1171 2¹',
1452 1132 1547 1172 ergo
1567 1121 1673 1160 idem
1693 1122 1818 1197 rad‘ius

1338 1176 1353 1202 h
1399 1177 1411 1196 Ι
1466 1179 1489 1197 tt
1675 1178 1692 1204 h

527 1215 616 1255 duas
627 1214 883 1254 oscillationes
901 1212 1111 1254 absolueret
1131 1224 1308 1268 tempore
1333 1227 1351 1252 1
1370 1228 1426 1265 24
1447 1228 1526 1265 24,
1565 1216 1631 1256 vel
1665 1230 1681 1255 1
1717 1223 1816 1270 243,

526 1279 583 1317 vti
621 1279 731 1331 ponit
773 1277 972 1330 Hugerzlus.
1039 1277 1162 1318 Terra
1204 1288 1334 1319 autem
1383 1279 1423 1319 in
1470 1280 1719 1333 Aequumne,
1752 1293 1817 1322 re-

1702 1344 1719 1370 b
1781 1345 1795 1364 e

523 1378 648 1432 speetu
663 1379 864 1429 mearum,
883 1378 1041 1419 absoluit
1060 1381 1218 1420 Vnicum
1238 1380 1439 1420 circuitum
1460 1389 1640 1434 tempore
1662 1395 1715 1432 23
1741 1387 1815 1434 56,

523 1451 566 1482 et
599 1454 760 1494 corpus,
797 1443 901 1482 cuius
937 1443 995 1482 vis
1025 1442 1234 1497 centrisuga
1278 1453 1453 1498 aequaret
1485 1445 1637 1498 pondus
1676 1446 1815 1499 ipfius,

1131 1508 1149 1533 h
1220 1511 1232 1529 Ι
1289 1511 1308 1529 ΙΙ

524 1546 867 1598 circumraperetur
904 1554 1084 1598 tempore
1126 1560 1143 1584 1
1172 1560 1232 1599 24
1256 1561 1338 1599 24,
1373 1549 1474 1588 vnde
1506 1547 1600 1588 haec
1637 1559 1816 1605 tempora

525 1607 606 1647 sunt
642 1609 695 1647 vti
734 1612 879 1647 86160
913 1610 962 1649 nd
1000 1613 1146 1661 5064,
1185 1610 1250 1650 vel
1291 1612 1348 1651 vti
1393 1621 1445 1660 17
1490 1613 1537 1652 ad
1579 1619 1700 1665 1331,
1734 1615 1814 1656 hoc

527 1671 605 1720 est,
645 1683 760 1723 quam
809 1673 1020 1724 proxime,
1061 1684 1117 1712 vt1
1162 1685 1210 1722 17
1248 1675 1296 1714 ad
1333 1688 1370 1714 1.
1436 1674 1570 1728 Itaque
1613 1676 1638 1716 fi
1679 1691 1816 1732 corpus

526 1733 683 1786 aliquod
715 1733 778 1773 sub
810 1745 1016 1787 aequatore
1050 1735 1208 1777 ferretur
1245 1748 1297 1785 17
1333 1738 1477 1778 vicibus
1509 1738 1672 1779 celerius
1698 1754 1816 1796 quam

528 1796 649 1835 Terra
682 1796 780 1849 ipsa:
814 1797 962 1837 nullam
997 1798 1153 1839 haberet
1188 1801 1434 1853 grauitatem.
1500 1801 1568 1842 Ex
1610 1816 1687 1856 quo
1727 1806 1817 1845 fun-

527 1859 712 1898 damento
745 1861 863 1899 etiam
900 1862 1110 1914 Hugenius,
1157 1863 1362 1916 hypothesi
1404 1864 1487 1904 suae
1518 1867 1716 1916 grauitatis
1751 1869 1817 1908 in·-

525 1923 660 1967 nixus,
696 1921 838 1969 stituit,
873 1925 1077 1965 materiam
1115 1927 1340 1978 grauificnm
1379 1937 1431 1976 17
1470 1928 1614 1968 vicibus
1656 1931 1818 1972 celerius

524 1985 625 2024 circa
659 1984 825 2026 Terram
858 1989 1038 2040 moueri,
1071 2002 1186 2042 quam
1219 2001 1400 2031 mouetur
1433 1991 1557 2032 Terra
1594 1991 1672 2046 ipsa
1712 1995 1813 2035 circa

524 2060 657 2089 axem.

1667 2120 1700 2169 §—
1739 2132 1808 2160 11.
