1941 2674
563 39 650 108 22'2
906 63 984 105 DE
1016 59 1233 104 FIGVRA
1266 59 1504 119 TERRAE.

558 183 754 230 tribuunt,
788 179 863 218 hoc
897 179 973 230 est,
1007 192 1101 231 quae
1135 176 1388 216 Diametrum
1433 175 1664 227 Aequatoris
1704 174 1843 215 habeat

559 247 675 298 paulo
709 244 932 291 minorem,
967 243 1097 281 Axem
1132 251 1225 279 vero
1260 240 1467 278 maiorem.

675 370 706 417 ξ.
755 382 795 418 3.
844 368 991 417 Ratio,
1035 378 1105 418 qua
1150 364 1274 404 dietae
1313 363 1474 403 vltimae
1515 373 1590 403 tres
1637 363 1843 403 sententiae

559 434 695 482 nixae,
730 445 751 470 a
784 430 903 482 figura
938 430 1104 468 Telluris
1137 438 1201 466 aut
1233 426 1398 479 perfecte
1432 427 1614 477 globosa,
1648 436 1712 466 aut
1745 439 1843 466 vero

560 495 783 546 oblongiori
800 524 810 543 ,
845 493 1050 540 recedunt,
1085 492 1123 529 in
1141 502 1190 528 eo
1211 490 1323 528 vnice
1342 489 1463 541 pofita
1484 489 1558 539 cst,
1595 490 1699 541 quod
1719 489 1844 528 Terra

558 560 655 598 circa
680 558 812 596 Axem
834 557 938 595 suum
961 563 1069 594 motu
1089 554 1223 592 diurno
1239 583 1249 602 ,
1290 551 1413 603 spatio
1439 564 1494 600 24
1513 550 1714 603 horarum,
1751 564 1844 591 ver-

558 631 675 669 tatur,
693 620 757 672 qui
779 629 910 658 motus
922 617 1133 669 Ver-riguus
1157 625 1334 664 vocatur,
1354 624 1391 653 et
1412 615 1459 653 de
1479 627 1554 666 quo
1576 615 1735 667 praefitti
1754 615 1842 654 Au-

559 684 689 723 thores
712 683 875 720 minime
896 680 1080 719 dubitant.
1152 678 1215 717 Est
1235 679 1361 729 itaque
1383 677 1604 730 Copezstnicm
1623 687 1751 728 autor,
1777 677 1841 729 qui

559 747 723 785 Terram
753 757 831 782 non
852 742 934 782 sede
959 742 1079 780 solum
1108 741 1167 780 sua
1195 741 1386 788 dimouit,
1422 740 1482 778 sed
1510 740 1671 792 figuram
1691 751 1844 792 quoque

560 809 642 848 eius
697 807 869 846 mutauit.
938 805 994 844 Vt
1038 816 1133 842 vero
1172 802 1414 854 explanatius
1465 802 1628 841 definire
1675 803 1841 855 poffim,

561 872 652 924 quid
685 870 729 909 ad
763 868 972 921 quamlibet
1002 866 1137 905 harum
1172 865 1438 904 sententiarum
1471 865 1636 917 spestet,
1669 877 1747 904 non
1781 867 1845 904 in·-

559 935 654 973 vtile
686 932 761 971 effe
794 931 947 980 iudico,
980 928 1171 980 sequentia
1205 928 1243 965 in
1278 924 1510 967 anteceffum
1553 928 1677 980 probe
1711 928 1844 967 distin-

560 1008 676 1048 guere
701 1004 740 1033 et
761 993 1009 1031 confiderare.
1047 989 1317 1042 Perpendenda
1342 989 1458 1040 igitur
1477 999 1588 1029 erunt
1620 990 1687 1039 (Ι.)
1705 991 1845 1042 Figura

560 1059 705 1097 Terrae
739 1064 824 1094 ante
860 1055 1094 1093 rotationem
1129 1053 1207 1090 eius
1241 1051 1426 1103 existens,
1460 1051 1550 1091 dum
1584 1065 1724 1105 nempe
1759 1054 1846 1092 ani-

560 1133 671 1161 mum
708 1119 754 1157 ab
788 1118 868 1157 ems
910 1127 1020 1156 motu
1064 1115 1278 1165 Vertigiuis
1331 1113 1602 1167 abstrahimus,
1657 1124 1696 1155 et
1727 1128 1843 1168 quam

560 1181 646 1222 Cel.
681 1182 724 1221 de
744 1181 911 1221 Maisan
944 1180 982 1218 in
1003 1176 1232 1218 Comment.
1261 1177 1384 1216 Acad.
1407 1175 1551 1216 Scient.
1589 1178 1703 1218 Paris.
1726 1187 1840 1226 1720

560 1245 803 1286 Primitiuam
838 1251 965 1282 vocat.
1032 1239 1135 1286 (ΙΙ.)
1177 1239 1313 1291 Figura
1354 1239 1524 1290 Terrae,
1566 1253 1681 1293 quam
1722 1242 1845 1281 induit

558 1309 642 1361 post
673 1308 751 1346 eius
782 1305 1020 1345 rotationem
1052 1303 1216 1352 fastam,
1258 1302 1461 1341 accedente
1503 1304 1689 1344 nimirum
1731 1314 1844 1345 motu

565 1369 800 1421 vertiginis,
842 1381 957 1421 qnam
992 1366 1155 1418 figuram
1210 1365 1396 1417 praefatus
1445 1365 1488 1405 de
1519 1367 1685 1407 Maircm
1723 1376 1842 1408 vocat

559 1432 779 1474 Astualem.
846 1429 979 1480 (m.)
1014 1429 1086 1468 Vis
1121 1426 1367 1480 Centrifuga,
1405 1441 1519 1480 quam
1553 1441 1668 1481 graue
1700 1442 1846 1470 vnum-

514 1539 528 1548 -.
559 1496 738 1548 quodque
779 1494 818 1532 in
864 1492 945 1546 ipso
986 1494 1211 1544 Aequatore
1252 1491 1417 1530 terrestri
1459 1492 1652 1544 pofitum,
1711 1492 1840 1533 habet.

519 1556 523 1559 ’
555 1557 668 1599 Dum
704 1558 807 1596 enim
842 1556 963 1595 Terra
982 1554 1325 1611 mptuVertiginis
1339 1554 1657 1605 circumrotatur,
1689 1556 1747 1595 vti
1767 1569 1844 1596 no-

559 1620 741 1660 tiffimum
776 1619 896 1658 hodie
929 1618 1005 1663 est,
1045 1628 1085 1656 et
1118 1617 1275 1656 testibus
1316 1617 1610 1669 Experimentis
1648 1618 1838 1670 Phyficis,

559 1683 630 1723 Vis
663 1681 884 1732 Centrifuga
917 1681 1063 1720 orietur
1097 1680 1136 1718 iu
1169 1691 1399 1732 vnoquoque
1431 1681 1561 1731 graui,
1593 1682 1696 1733 quod
1725 1682 1765 1720 in
1782 1680 1844 1722 su-

560 1745 717 1799 perficie
751 1745 894 1783 Terrae
928 1743 1094 1795 pofitum
1127 1742 1191 1782 est.
1257 1742 1385 1794 Atque
1417 1742 1512 1781 haec
1545 1743 1603 1782 vis
1636 1744 1843 1797 centrifuga

557 1808 659 1848 nulla
692 1807 745 1846 est
776 1807 815 1845 in
845 1815 1007 1858 Vtroque
1040 1804 1138 1845 Polo
1171 1804 1274 1858 ipso,
1309 1804 1434 1846 maior
1465 1804 1619 1846 subinde
1645 1807 1685 1846 in
1706 1805 1843 1848 Circu-

560 1870 607 1910 lis
639 1883 660 1909 a
692 1869 789 1909 Polo
823 1869 947 1921 magis
978 1868 1222 1920 distantibus,
1253 1877 1292 1907 et
1311 1867 1545 1918 maioribus,
1580 1870 1753 1909 maxima
1774 1871 1845 1910 de-

561 1933 675 1985 nique
707 1932 746 1970 in
781 1932 1010 1984 Aequatoris
1041 1930 1201 1971 Circulo
1233 1930 1342 1984 ipso,
1387 1943 1480 1983 quae
1514 1932 1632 1983 igitur
1667 1933 1841 1974 maxima

562 1995 621 2035 vis
652 1994 860 2047 centrifuga
891 1994 1122 2048 Aequatoris
1154 1995 1329 2038 maxime
1359 1993 1477 2035 etiam
1509 1995 1549 2036 in
1568 1995 1846 2038 confidemtio·

1748 2071 1839 2100 nem
