1941 2674
394 72 810 126 IMPERATORII
842 74 1151 123 AMIDENO.
1318 86 1404 133 361

122 194 208 239 ἐπὶ
243 193 451 249 ἕνα-πέδην
481 193 666 247 ὠκεανόν,
713 196 763 238 ab
798 196 883 251 ipsts
917 193 1090 250 ngridz's
1113 197 1271 250 fluentis
1302 206 1411 238 arma

124 258 270 313 vertiſjb
306 261 360 300 ad
388 260 642 301 occidentalem
676 272 856 300 oceanum.
922 260 1109 300 Profcd'hls
1142 261 1193 300 est
1229 259 1413 300 Constan-

124 325 192 363 tius
211 323 314 375 lmp-
340 324 506 364 aduersus
534 324 794 376 Magnentium
823 334 860 362 et
879 323 1147 362 Vetranionem
1167 325 1218 362 A.
1242 322 1289 363 C.
1307 337 1407 374 350.

124 387 186 426 sub
219 388 479 427 auctumnum.
545 388 665 426 Anno
695 396 779 426 ante
812 386 975 438 perfecta
1007 386 1147 426 fuerant
1180 389 1416 427 munimenta

124 450 326 498 Amidae,
374 452 512 490 eodem
548 450 667 489 Telae
702 450 758 489 seu
791 447 1080 489 Constantiniae.
1149 449 1261 490 Nihil
1297 450 1413 503 aptius

123 513 169 553 ad
198 512 454 553 Themistium
484 513 735 552 illustrandum
763 513 833 551 dici
861 513 997 564 potest.
1061 512 1113 552 Et
1139 525 1225 552 cum
1255 514 1411 552 noetur-

123 589 215 615 num
243 578 289 616 ad
317 575 513 627 Singaram
542 576 751 628 praelium,
786 575 839 614 A.
861 573 909 614 C.
927 586 1032 626 345.
1052 576 1295 616 commissum
1323 577 1410 625 fuit,

122 638 192 679 hac
223 639 326 679 clade
356 640 457 678 illata
476 669 485 687 ‚
532 636 767 678 Constantius
798 638 975 678 excitatus
1010 637 1108 677 suissi:
1140 639 1285 679 videtur
1306 668 1317 688 ,
1370 647 1413 678 vt

123 714 238 755 quam
266 701 518 742 firmissimam
545 702 591 741 ad
620 701 817 753 Tigridem
845 712 970 740 arcem
999 701 1186 740 Amidam
1222 701 1294 741 effe
1328 701 1412 741 vel.

120 765 194 816 let,
225 764 254 806 si
284 765 371 818 quid
404 765 499 804 (ecus
529 764 727 816 aliquando
758 761 931 814 Singarae
963 763 1160 803 accidisset.

268 883 383 925 Dicat
414 882 512 923 mihi
543 895 638 923 nunc
673 883 880 937 quispiam,
914 882 1012 923 hane
1043 891 1081 923 tu
1117 892 1246 925 tamen
1278 884 1411 925 vrbem

121 949 228 990 nullis
259 958 344 988 ante
375 944 638 987 Constantium
671 947 928 987 monumentis
951 939 1176 996 'celebrem,
1232 956 1271 986 et
1301 947 1413 988 colo-

121 1015 225 1053 niam
259 1011 426 1052 militum
457 1010 724 1051 Romanorum
760 1019 798 1048 et
830 1009 1062 1062 metropolin
1097 1009 1159 1049 sub
1190 1009 1413 1051 Alexandro

121 1075 266 1117 Seuero
298 1073 399 1114 fuisse
433 1069 633 1125 largieris?
682 1072 841 1126 Nempe
874 1073 911 1113 id
947 1084 1102 1113 mecum
1134 1072 1305 1113 constitui
1338 1073 1412 1113 lar-

120 1139 188 1192 giri
211 1169 222 1188 ,
275 1149 363 1177 cum
396 1135 530 1175 huicce
565 1147 686 1175 numo
718 1135 834 1175 fidem
865 1135 974 1175 tribui
1006 1136 1218 1175 conueniat.
1296 1133 1412 1176 Cuius

119 1201 340 1242 auctoritate
373 1200 555 1251 scriptoris
589 1207 647 1239 tot
678 1199 785 1238 vrbes
809 1199 848 1238 in
876 1197 1152 1251 Mesopotamia
1179 1207 1218 1238 et
1244 1198 1412 1239 colonias

123 1264 295 1306 exstitisse
327 1272 366 1303 et
398 1262 648 1315 metropoles,
683 1262 730 1301 ad
761 1260 855 1301 hunc
885 1262 989 1301 diem
1022 1261 1191 1301 testatum
1223 1257 1320 1301 fuit?
1352 1271 1412 1303 taa

123 1340 214 1369 men
239 1327 303 1368 vbi
332 1325 439 1366 numi
467 1326 573 1366 testes
596 1325 868 1378 producuntur,
901 1324 1052 1364 dubium
1079 1323 1152 1363 effe
1179 1324 1302 1376 potest
1327 1326 1409 1365 nul-

121 1391 218 1432 lum.
282 1391 338 1431 At
367 1388 478 1429 multi
504 1389 549 1428 de
574 1388 703 1428 ceteris
729 1389 834 1428 numi
861 1387 1025 1428 exstant:
1061 1386 1258 1437 videlicet,
1286 1387 1337 1438 fi,
1366 1396 1411 1429 vt

121 1455 167 1496 de
188 1453 358 1503 Amida,
390 1451 544 1504 singuli,
577 1451 616 1491 id
643 1451 786 1504 ipsum,
819 1451 919 1504 quod
947 1458 1100 1504 propter
1126 1450 1409 1492 multitudinem

122 1517 334 1564 credimus,
380 1525 422 1554 vt
454 1515 614 1567 opinor,
662 1509 916 1566 negaremus?
971 1514 1039 1554 Ab
1070 1513 1279 1566 antiquariis
1316 1526 1409 1554 vero

122 1581 223 1621 nulla
247 1579 317 1620 alia
343 1578 458 1618 caussa
485 1577 701 1617 haesitatum
729 1577 795 1616 fuit
821 1578 859 1617 in
887 1576 963 1616 hoc
989 1588 1129 1626 num0‚
1151 1589 1264 1629 quam
1280 1607 1290 1626 ‚
1307 1578 1408 1630 quod

121 1645 246 1698 prima
281 1642 402 1681 littera
434 1652 510 1680 non
543 1640 630 1680 estet
662 1641 849 1694 perspicua
869 1670 880 1688 ‚
929 1652 1006 1692 quo
1038 1638 1211 1692 scrupulo
1243 1638 1407 1690 sublato,

119 1706 214 1747 nihil
246 1704 427 1757 reliquum
461 1703 536 1751 est,
571 1716 684 1756 quam
717 1712 759 1743 vt
791 1704 908 1743 vinstas
939 1714 1072 1742 manus
1103 1703 1232 1742 demus
1266 1715 1407 1743 numo-

120 1781 190 1823 que
225 1768 343 1809 fidem
375 1766 539 1806 nostram
572 1768 829 1819 adiungamus.
893 1765 950 1806 Vt
980 1775 1104 1806 autem
1133 1777 1188 1805 res
1215 1764 1290 1819 ipsa
1321 1778 1409 1806 ma-

119 1833 194 1873 iori
225 1831 264 1871 in
295 1831 377 1870 luce
408 1829 572 1870 versetur
592 1860 602 1879 ‚
657 1829 961 1882 Mesopotamiae
995 1829 1066 1869 fata
1099 1828 1231 1869 animo
1262 1828 1408 1869 recola-

120 1903 229 1942 mus,
263 1905 355 1946 quae
385 1892 472 1933 alibi
498 1893 652 1946 quidem
679 1893 888 1946 attigimus,
923 1892 981 1932 sed
1008 1893 1081 1941 ita,
1114 1891 1143 1932 fi
1169 1892 1214 1932 ad
1241 1890 1409 1932 Osrhoe-

120 1971 209 2000 nam
237 1957 432 1998 historiam
460 1957 696 2010 pertinerent.
763 1956 958 2008 Loginqua
984 1955 1044 1996 sub
1069 1954 1253 2005 Lucullo,
1287 1955 1409 1994 Pom-

121 2023 237 2078 peio,
278 2017 428 2069 Crasso,
471 2019 643 2061 Antonio
679 2031 755 2059 non
791 2019 988 2073 attingam.
1086 2014 1264 2061 Zosimus
1293 2017 1409 2060 iaecat

156 2090 265 2136 Tom.
278 2090 407 2137 VIII.
754 2087 793 2132 Z
811 2103 834 2132 z
1323 2088 1405 2142 (d),
