1941 2674
466 55 556 95 450
610 35 1091 85 OBSERVATIONES
1132 34 1612 84 ASTRONOMrcAE

613 156 653 198 Si
685 157 764 210 quis
799 166 925 196 autem
960 163 1139 208 quaerat,
1187 166 1298 207 quare
1338 155 1607 196 obseruationes
1643 155 1752 198 exhi-

463 221 610 263 buerim
650 220 851 273 spectantes
882 219 927 259 ad
960 218 1126 258 mensem
1161 218 1402 259 Februarium
1436 220 1588 271 potius,
1637 233 1751 273 quam

463 297 559 338 quae
589 284 634 324 ad
663 282 872 322 Ianuarium
901 282 1150 334 pertinebant3
1185 279 1440 332 respondebo,
1472 281 1510 321 id
1540 294 1603 322 me
1631 283 1752 323 feciffe

463 348 635 402 primum
666 346 717 385 ob
749 357 835 385 eam
867 345 1050 394 mutiam,
1084 345 1168 397 quia
1201 344 1324 382 mense
1355 342 1530 383 Ianuario
1562 357 1749 399 nunquam

462 418 682 465 peruenerat
715 408 762 448 ad
793 419 881 447 eum
913 408 1069 460 gradum
1103 407 1212 459 frigus
1234 438 1244 457 ,
1298 407 1346 446 ad
1391 419 1505 460 quem
1549 409 1751 460 peruenisse

465 471 592 515 menie
628 471 829 513 Februario
862 469 1094 510 obseruatum
1127 470 1211 522 est;
1247 469 1383 509 deinde
1416 470 1466 509 ob
1502 469 1599 510 hanc
1633 473 1748 513 etiam

464 536 607 576 causam
640 535 755 575 aliam
776 564 787 581 ‚
829 533 913 586 quia
948 545 1002 573 res
1034 545 1098 572 me
1131 545 1226 572 noua
1258 540 1366 585 atque
1402 532 1585 582 insolens,
1637 544 1678 575 vt
1710 535 1749 575 id

462 599 648 648 facerem,
681 598 829 649 mouit;
872 596 1080 636 inauditum
1115 595 1168 635 est
1198 595 1301 634 enim
1334 594 1394 634 sub
1425 594 1503 635 hoc
1537 595 1643 636 caelo
1676 610 1749 638 no-

463 662 540 703 stro
578 662 793 701 maximam
833 659 976 713 frigoris
1008 660 1090 700 vim
1121 667 1340 715 perceptam
1379 658 1479 700 fuiffe
1512 659 1599 714 post
1633 673 1674 711 3.
1705 658 1749 701 1-

463 725 530 767 dus
563 724 789 766 FebruariaS.

615 843 732 884 Huius
764 855 880 895 porro
913 841 1057 895 frigoris
1088 842 1143 881 vis
1173 850 1271 882 tanta
1305 841 1502 895 aliquando
1533 842 1677 896 (pridie
1708 843 1750 885 1-

460 908 531 947 dus
559 907 635 946 eius
666 906 817 956 mensis)
849 906 934 954 fuit,
971 914 1014 944 vt
1044 905 1169 944 maior
1199 905 1338 958 potius,
1371 917 1484 958 quam
1518 906 1647 946 minor
1678 919 1749 948 ex-

461 969 593 1009 stiterit
609 999 620 1019 ‚
669 981 783 1021 quam
817 979 910 1021 quae
942 977 1024 1007 tum
1059 966 1128 1007 hac
1160 967 1199 1006 in
1231 967 1334 1007 Vrbe
1355 997 1366 1018 ,
1417 976 1498 1007 tum
1529 968 1568 1007 in
1601 971 1748 1010 caeteris

460 1031 632 1073 finitimis
664 1040 835 1085 percepta
869 1031 921 1070 cst
954 1030 1077 1070 mense
1102 1028 1276 1070 Ianuario
1301 1031 1377 1070 An.
1405 1041 1536 1081 1709.
1568 1042 1747 1083 quantum

457 1095 605 1135 calculo
635 1095 687 1135 fas
717 1094 770 1134 est
803 1094 979 1147 colligere
1012 1105 1061 1133 ex
1093 1092 1405 1133 obseruationibus
1449 1102 1530 1133 tum
1567 1097 1749 1148 temporis

459 1159 655 1198 institutis:
710 1156 1017 1197 Thermometris
1056 1165 1186 1196 tamen
1227 1156 1300 1196 alia
1334 1156 1477 1196 ratione
1508 1157 1746 1210 constructis,

459 1234 504 1261 ac
536 1233 631 1262 nunc
663 1218 803 1260 soleant
831 1218 1149 1260 Fahrenheitiana.
1217 1219 1334 1276 Quod
1361 1219 1387 1260 fi
1414 1220 1473 1259 cui
1500 1221 1641 1260 mirum
1669 1222 1746 1262 hoc

459 1284 551 1325 loco
582 1283 749 1323 videatur
767 1313 778 1331 ‚
828 1295 927 1323 anno
961 1283 1032 1323 isto
1067 1295 1142 1322 non
1175 1293 1235 1322 eas
1269 1283 1461 1335 contigisse
1494 1285 1749 1325 concretiones

457 1359 634 1401 aquarum
661 1352 765 1399 (puta
791 1355 1015 1386 venetorum
1043 1345 1348 1394 aestu-ariorum),
1378 1358 1470 1398 quae
1488 1359 1585 1386 anno
1609 1357 1743 1399 1709.

457 1411 697 1461 acciderunt3
751 1409 805 1448 rei
835 1409 961 1458 huius,
998 1418 1040 1449 vt
1071 1410 1266 1449 mittantur
1297 1408 1481 1462 reliquae,
1522 1408 1614 1450 haec
1644 1411 1748 1452 reddi

457 1474 559 1514 ratio
591 1473 712 1526 potest
742 1471 824 1511 satis
856 1473 1013 1523 idonea,
1055 1471 1191 1519 facilis,
1226 1480 1265 1511 et
1293 1471 1406 1512 clara.
1505 1472 1613 1515 Nam
1645 1486 1751 1515 anno

459 1537 612 1590 quidem
654 1547 786 1585 1709.
825 1538 916 1588 (quo
949 1545 1126 1588 tempore
1157 1535 1421 1587 peragebantur
1456 1535 1745 1589 obseruationes,

453 1600 506 1640 de
536 1599 664 1652 quibus
695 1598 853 1651 loquor)
885 1598 961 1638 fere
993 1598 1165 1638 continua
1198 1607 1275 1637 erat
1306 1597 1452 1650 frigoris
1484 1599 1542 1638 vis
1573 1599 1635 1639 illa
1668 1601 1747 1640 im-

458 1663 639 1703 modica:
695 1672 824 1702 contra
857 1674 951 1701 vero
982 1673 1081 1701 anno
1113 1660 1188 1700 hoc
1220 1661 1541 1708 (obseruationum
1576 1666 1746 1716 per‘nos

455 1726 709 1766 institutarum
742 1720 944 1777 tempore)
980 1724 1041 1764 sub
1072 1733 1200 1763 ortum
1235 1724 1316 1764 solis
1346 1724 1546 1778 incipiebat
1576 1725 1756 1776 nonnihil-

456 1789 599 1830 remitti
626 1787 756 1840 frigus,
790 1787 994 1840 sensimque
1022 1786 1200 1841 pergebat
1224 1787 1428 1827 decrescere
1455 1798 1570 1840 vsque
1597 1788 1643 1828 ad
1671 1788 1746 1828 ho-

454 1864 541 1894 ram
577 1852 651 1891 fere
682 1860 849 1903 quartam
882 1851 965 1903 post
1001 1850 1199 1890 meridiem
1223 1863 1235 1904 3
1287 1862 1362 1903 quo
1394 1859 1567 1902 tempore
1598 1850 1747 1904 singulis

457 1928 577 1969 prope
607 1913 732 1954 diebus
773 1912 834 1954 sub
869 1913 1032 1968 vesperas
1066 1913 1206 1953 acutior
1238 1922 1370 1953 ventus
1410 1912 1567 1966 spirabat
1598 1914 1644 1953 ab
1676 1927 1748 1955 oc-

455 1978 538 2020 casu
564 1977 678 2029 (W.)
703 1986 811 2033 atque
841 1975 927 2019 hinc
956 1978 1065 2033 frigus
1095 1975 1317 2019 increscebat
1342 1977 1418 2018 fere
1445 1988 1556 2031 vsque
1585 1975 1632 2018 ad
1660 1978 1746 2018 Au-

1599 2051 1746 2082 roram.
